<?xml version="1.0" ?><OAI-PMH xmlns="http://www.openarchives.org/OAI/2.0/" xmlns:xsi="http://www.w3.org/2001/XMLSchema-instance" xsi:schemaLocation="http://www.openarchives.org/OAI/2.0/ http://www.openarchives.org/OAI/2.0/OAI-PMH.xsd">
  <responseDate>2024-11-20T18:26:19Z</responseDate>
  <request resumptionToken="1900-01-01@all@UNIGE_ALL@marc21@5986565510005502" verb="ListRecords">https://slsp-unige.alma.exlibrisgroup.com/view/oai/41SLSP_UGE/request</request>
<ListRecords><record><header><identifier>oai:alma.41SLSP_UGE:991000788889705502</identifier><datestamp>2024-08-31T00:13:04Z</datestamp><setSpec>uge_bcen_RapidILL_BOOK</setSpec><setSpec>uge_aaca_RapidILL_BOOK</setSpec><setSpec>uge_abels_RapidILL_BOOK</setSpec><setSpec>uge_dbu_RapidILL_BOOK</setSpec><setSpec>uge_cmu_RapidILL_BOOK</setSpec><setSpec>uge_mail_RapidILL_BOOK</setSpec><setSpec>uge_abbat_RapidILL_BOOK</setSpec><setSpec>UNIGE_ALL</setSpec><setSpec>uge_aobs_RapidILL_BOOK</setSpec><setSpec>uge_acar_RapidILL_BOOK</setSpec></header><metadata>
<record xmlns="http://www.loc.gov/MARC21/slim" xmlns:xsi="http://www.w3.org/2001/XMLSchema-instance" xsi:schemaLocation="http://www.loc.gov/MARC21/slim http://www.loc.gov/standards/marcxml/schema/MARC21slim.xsd"><leader>01910ncm a2200493 c 4500</leader><controlfield tag="001">991000788889705502</controlfield><controlfield tag="005">20240830161141.0</controlfield><controlfield tag="008">201011s1994    xxu||l||            und d</controlfield><datafield ind1=" " ind2=" " tag="020"><subfield code="a">0824045033</subfield></datafield><datafield ind1=" " ind2=" " tag="035"><subfield code="a">(swissbib)226236226-41slsp_network</subfield></datafield><datafield ind1=" " ind2=" " tag="035"><subfield code="a">226236226</subfield><subfield code="9">ExL</subfield></datafield><datafield ind1=" " ind2=" " tag="035"><subfield code="a">(RERO)1854280-41slsp</subfield></datafield><datafield ind1=" " ind2=" " tag="035"><subfield code="a">(IDSBB)000995144DSV01</subfield></datafield><datafield ind1=" " ind2=" " tag="035"><subfield code="a">(EXLNZ-41SLSP_NETWORK)991004655359705501</subfield></datafield><datafield ind1=" " ind2=" " tag="040"><subfield code="a">RERO labcur</subfield><subfield code="d">CH-ZuSLS</subfield></datafield><datafield ind1=" " ind2=" " tag="044"><subfield code="a">xxu</subfield><subfield code="a">xxk</subfield></datafield><datafield ind1=" " ind2="7" tag="072"><subfield code="a">mu</subfield><subfield code="2">rero</subfield></datafield><datafield ind1=" " ind2="7" tag="072"><subfield code="a">mu</subfield><subfield code="2">SzZuIDS BS/BE</subfield></datafield><datafield ind1="1" ind2="4" tag="082"><subfield code="a">780</subfield><subfield code="2">15</subfield></datafield><datafield ind1=" " ind2=" " tag="084"><subfield code="a">LS 81603</subfield><subfield code="2">rvk</subfield></datafield><datafield ind1=" " ind2=" " tag="084"><subfield code="a">LU 26000</subfield><subfield code="2">rvk</subfield></datafield><datafield ind1="1" ind2=" " tag="100"><subfield code="a">Padovano, Annibale</subfield><subfield code="d">1527-1575</subfield><subfield code="0">(IDREF)161106188</subfield><subfield code="4">cre</subfield></datafield><datafield ind1="1" ind2="0" tag="240"><subfield code="a">Ricercari</subfield><subfield code="m">Instrumente (4)</subfield><subfield code="p">Libro 1</subfield></datafield><datafield ind1="1" ind2="0" tag="245"><subfield code="a">&lt;&lt;Il&gt;&gt; primo libro de ricercari a quattro voci</subfield><subfield code="b">(Venice, 1556)</subfield><subfield code="c">Annibale Padovano ; ed. by James Ladewig</subfield></datafield><datafield ind1=" " ind2="1" tag="264"><subfield code="a">New York</subfield><subfield code="a">London</subfield><subfield code="b">Garland</subfield><subfield code="c">1994</subfield></datafield><datafield ind1=" " ind2=" " tag="300"><subfield code="a">1 PARTITION (XXII, 182 p.)</subfield><subfield code="c">31 cm</subfield></datafield><datafield ind1=" " ind2=" " tag="336"><subfield code="b">ntm</subfield><subfield code="2">rdacontent</subfield></datafield><datafield ind1=" " ind2=" " tag="337"><subfield code="b">n</subfield><subfield code="2">rdamedia</subfield></datafield><datafield ind1=" " ind2=" " tag="338"><subfield code="b">nc</subfield><subfield code="2">rdacarrier</subfield></datafield><datafield ind1=" " ind2=" " tag="348"><subfield code="a">Partitur</subfield><subfield code="2">gnd-music</subfield></datafield><datafield ind1=" " ind2=" " tag="348"><subfield code="a">partition</subfield><subfield code="2">gnd-music/fre</subfield></datafield><datafield ind1=" " ind2=" " tag="348"><subfield code="a">partitura</subfield><subfield code="2">gnd-music/ita</subfield></datafield><datafield ind1=" " ind2=" " tag="382"><subfield code="a">instruments mélodiques</subfield><subfield code="n">4</subfield><subfield code="2">reromusi</subfield></datafield><datafield ind1=" " ind2=" " tag="382"><subfield code="a">Altes Instrument</subfield><subfield code="n">4</subfield><subfield code="2">idsmusi</subfield></datafield><datafield ind1="1" ind2=" " tag="490"><subfield code="a">Italian instrumental music of the Sixteenth and early Seventeenth Centuries</subfield><subfield code="v">vol. 4</subfield></datafield><datafield ind1=" " ind2="7" tag="655"><subfield code="a">Ricercar</subfield><subfield code="y">16. Jh.</subfield><subfield code="2">idsmusg</subfield></datafield><datafield ind1=" " ind2="7" tag="655"><subfield code="a">Ricercare</subfield><subfield code="x">instruments mélodiques (4)</subfield><subfield code="y">1551-1575</subfield><subfield code="2">reromusg</subfield></datafield><datafield ind1=" " ind2=" " tag="690"><subfield code="a">Ricercare</subfield><subfield code="d">instruments mélodiques (4)</subfield><subfield code="e">1551-1575</subfield><subfield code="2">musg</subfield></datafield><datafield ind1=" " ind2=" " tag="690"><subfield code="a">instruments mélodiques (4)</subfield><subfield code="2">musi</subfield></datafield><datafield ind1=" " ind2=" " tag="690"><subfield code="a">Ricercar</subfield><subfield code="q">Altes Instrument (4)</subfield><subfield code="t">16. Jh.</subfield><subfield code="v">Noten</subfield><subfield code="2">ids-music</subfield></datafield><datafield ind1="0" ind2=" " tag="700"><subfield code="a">Annibale</subfield><subfield code="c">Padovano</subfield><subfield code="d">1527-1575</subfield><subfield code="0">(DE-588)119105683</subfield></datafield><datafield ind1="1" ind2="2" tag="700"><subfield code="a">Padovano, Annibale</subfield><subfield code="t">Ricercari.</subfield><subfield code="r">Livre 1</subfield></datafield><datafield ind1="1" ind2=" " tag="700"><subfield code="a">Ladewig, James</subfield><subfield code="0">(IDREF)070441995</subfield></datafield><datafield ind1=" " ind2="0" tag="830"><subfield code="a">Italian instrumental music of the Sixteenth and early Seventeenth Centuries</subfield><subfield code="v">4</subfield><subfield code="w">(RERO)1110041-41slsp</subfield></datafield><datafield ind1=" " ind2=" " tag="900"><subfield code="a">REROnoselfmerge</subfield></datafield><datafield ind1=" " ind2=" " tag="960"><subfield code="2">matmu</subfield><subfield code="a">ricercari</subfield><subfield code="9">LOCAL</subfield></datafield></record>
</metadata></record>