<record><header><identifier>oai:alma.41SLSP_UGE:991000788169705502</identifier><datestamp>2023-03-01T01:10:08Z</datestamp><setSpec>uge_bcen_RapidILL_BOOK</setSpec><setSpec>uge_aaca_RapidILL_BOOK</setSpec><setSpec>uge_abels_RapidILL_BOOK</setSpec><setSpec>uge_dbu_RapidILL_BOOK</setSpec><setSpec>uge_cmu_RapidILL_BOOK</setSpec><setSpec>uge_mail_RapidILL_BOOK</setSpec><setSpec>UNIGE_ALL</setSpec><setSpec>uge_abbat_RapidILL_BOOK</setSpec><setSpec>uge_acar_RapidILL_BOOK</setSpec><setSpec>uge_aobs_RapidILL_BOOK</setSpec></header><metadata>
<record xmlns="http://www.loc.gov/MARC21/slim" xmlns:xsi="http://www.w3.org/2001/XMLSchema-instance" xsi:schemaLocation="http://www.loc.gov/MARC21/slim http://www.loc.gov/standards/marcxml/schema/MARC21slim.xsd"><leader>02765nam a2200349 c 4500</leader><controlfield tag="001">991000788169705502</controlfield><controlfield tag="005">20230129175259.0</controlfield><controlfield tag="008">000906s1993    gr ||||| |||| 10| ||gre d</controlfield><datafield ind1=" " ind2=" " tag="020"><subfield code="a">9607094417</subfield></datafield><datafield ind1=" " ind2=" " tag="035"><subfield code="a">(swissbib)089152034-41slsp_network</subfield></datafield><datafield ind1=" " ind2=" " tag="035"><subfield code="a">089152034</subfield><subfield code="9">ExL</subfield></datafield><datafield ind1=" " ind2=" " tag="035"><subfield code="a">(RERO)1908854-41slsp</subfield></datafield><datafield ind1=" " ind2=" " tag="035"><subfield code="a">(EXLNZ-41SLSP_NETWORK)991105583749705501</subfield></datafield><datafield ind1=" " ind2=" " tag="040"><subfield code="a">RERO geulgm</subfield><subfield code="d">CH-ZuSLS</subfield></datafield><datafield ind1=" " ind2="7" tag="072"><subfield code="a">gr</subfield><subfield code="2">rero</subfield></datafield><datafield ind1="0" ind2="0" tag="245"><subfield code="6">880-01</subfield><subfield code="a">&lt;&lt;Hē&gt;&gt; epikoinōnia sto Vyzantio</subfield><subfield code="b">praktika tou B' diethnous symposiou : 4-6 Oktōvriou 1990</subfield><subfield code="c">epim. N.G. Moschonas</subfield></datafield><datafield ind1="0" ind2="0" tag="880"><subfield code="6">245-01/(S</subfield><subfield code="a">&lt;&lt;Η&gt;&gt; επικοινωνία στο Βυζάντιο</subfield><subfield code="b">πρακτικά του Β' διεθνούς συμποσίου : 4-6 Οκτωβρίου 1990</subfield><subfield code="c">επιμ. Ν.Γ. Μοσχονάς</subfield></datafield><datafield ind1="1" ind2=" " tag="246"><subfield code="a">Epikoino̲nía sto Vyzántio</subfield><subfield code="b">praktiká tou B' diethnoús symposíou : 4-6 Okto̲vríou 1990 / epim. N.G. Moschonás</subfield></datafield><datafield ind1=" " ind2="1" tag="264"><subfield code="6">880-02</subfield><subfield code="a">Athí̲na</subfield><subfield code="b">Kéntro vyzantinó̲n erev̲nó̲n/Ethnikó Ídryma Erev̲nó̲n</subfield><subfield code="c">1993</subfield></datafield><datafield ind1=" " ind2="1" tag="880"><subfield code="6">264-02/(S</subfield><subfield code="a">Αθήνα</subfield><subfield code="b">Κέντρο βυζαντινών ερευνών/Εθνικό Ίδρυμα Ερευνών</subfield><subfield code="c">1993</subfield></datafield><datafield ind1=" " ind2=" " tag="300"><subfield code="a">756 p.</subfield><subfield code="c">25 cm</subfield></datafield><datafield ind1=" " ind2=" " tag="336"><subfield code="b">txt</subfield><subfield code="2">rdacontent</subfield></datafield><datafield ind1=" " ind2=" " tag="337"><subfield code="b">n</subfield><subfield code="2">rdamedia</subfield></datafield><datafield ind1=" " ind2=" " tag="338"><subfield code="b">nc</subfield><subfield code="2">rdacarrier</subfield></datafield><datafield ind1=" " ind2="7" tag="650"><subfield code="a">Communication</subfield><subfield code="0">(IDREF)027321657</subfield><subfield code="2">idref</subfield></datafield><datafield ind1=" " ind2="7" tag="651"><subfield code="a">Empire byzantin</subfield><subfield code="0">(IDREF)027472906</subfield><subfield code="2">idref</subfield></datafield><datafield ind1=" " ind2="7" tag="655"><subfield code="a">[Études diverses]</subfield><subfield code="0">(RERO)A022249905</subfield><subfield code="2">rero</subfield></datafield><datafield ind1="1" ind2=" " tag="700"><subfield code="6">880-03</subfield><subfield code="a">Moschonás, Nikólaos G.</subfield><subfield code="0">(IDREF)131517244</subfield></datafield><datafield ind1="1" ind2=" " tag="880"><subfield code="6">700-03/(S</subfield><subfield code="a">Μοσχονάς, Νίκος Γ</subfield></datafield><datafield ind1="2" ind2=" " tag="710"><subfield code="a">Fondation nationale de la recherche scientifique</subfield><subfield code="g">Grèce</subfield><subfield code="0">(IDREF)028963598</subfield></datafield><datafield ind1="2" ind2=" " tag="711"><subfield code="6">880-04</subfield><subfield code="a">Epikoinōnia sto Vyzantio</subfield><subfield code="n">2</subfield><subfield code="d">1990</subfield><subfield code="0">(RERO)A012498556</subfield></datafield><datafield ind1="2" ind2=" " tag="880"><subfield code="6">711-04/(S</subfield><subfield code="a">Επιοινωνία στο Βυζάντιο</subfield><subfield code="n">2</subfield><subfield code="d">1990</subfield></datafield><datafield ind1=" " ind2=" " tag="900"><subfield code="a">REROnoselfmerge</subfield></datafield></record>
</metadata></record>