<record><header><identifier>oai:alma.41SLSP_UGE:991000788899705502</identifier><datestamp>2023-03-01T01:10:08Z</datestamp><setSpec>uge_bcen_RapidILL_BOOK</setSpec><setSpec>uge_aaca_RapidILL_BOOK</setSpec><setSpec>uge_abels_RapidILL_BOOK</setSpec><setSpec>uge_dbu_RapidILL_BOOK</setSpec><setSpec>uge_cmu_RapidILL_BOOK</setSpec><setSpec>uge_mail_RapidILL_BOOK</setSpec><setSpec>UNIGE_ALL</setSpec><setSpec>uge_abbat_RapidILL_BOOK</setSpec><setSpec>uge_aobs_RapidILL_BOOK</setSpec><setSpec>uge_acar_RapidILL_BOOK</setSpec></header><metadata>
<record xmlns="http://www.loc.gov/MARC21/slim" xmlns:xsi="http://www.w3.org/2001/XMLSchema-instance" xsi:schemaLocation="http://www.loc.gov/MARC21/slim http://www.loc.gov/standards/marcxml/schema/MARC21slim.xsd"><leader>00980nam a2200289 c 4500</leader><controlfield tag="001">991000788899705502</controlfield><controlfield tag="005">20211202202245.0</controlfield><controlfield tag="008">100925s2002    fr ||||| |||| 00| ||fre d</controlfield><datafield ind1=" " ind2=" " tag="020"><subfield code="a">2047295580</subfield></datafield><datafield ind1=" " ind2=" " tag="035"><subfield code="a">(swissbib)111089700-41slsp_network</subfield></datafield><datafield ind1=" " ind2=" " tag="035"><subfield code="a">111089700</subfield><subfield code="9">ExL</subfield></datafield><datafield ind1=" " ind2=" " tag="035"><subfield code="a">(RERO)R005693379-41slsp</subfield></datafield><datafield ind1=" " ind2=" " tag="035"><subfield code="a">(EXLNZ-41SLSP_NETWORK)991144867219705501</subfield></datafield><datafield ind1=" " ind2=" " tag="040"><subfield code="a">RERO vdhep-</subfield><subfield code="d">CH-ZuSLS</subfield></datafield><datafield ind1=" " ind2="7" tag="072"><subfield code="a">mu</subfield><subfield code="2">rero</subfield></datafield><datafield ind1=" " ind2="7" tag="072"><subfield code="a">pe</subfield><subfield code="2">rero</subfield></datafield><datafield ind1="1" ind2=" " tag="100"><subfield code="a">Chevalier, Anne-Marie</subfield><subfield code="d">1947-....</subfield><subfield code="0">(IDREF)029628229</subfield><subfield code="4">cre</subfield></datafield><datafield ind1="1" ind2="0" tag="245"><subfield code="a">&lt;&lt;L'&gt;&gt;expression musicale</subfield><subfield code="b">maternelle</subfield><subfield code="c">Anne-Marie Chevalier ; préf. Jean-Claude Malgoire</subfield></datafield><datafield ind1=" " ind2=" " tag="250"><subfield code="a">2e éd.</subfield></datafield><datafield ind1=" " ind2="1" tag="264"><subfield code="a">Paris</subfield><subfield code="b">Bordas pédagogie</subfield><subfield code="c">2002</subfield></datafield><datafield ind1=" " ind2=" " tag="300"><subfield code="a">127 p.</subfield><subfield code="b">ill.</subfield><subfield code="c">21 cm</subfield></datafield><datafield ind1=" " ind2=" " tag="336"><subfield code="b">txt</subfield><subfield code="2">rdacontent</subfield></datafield><datafield ind1=" " ind2=" " tag="337"><subfield code="b">n</subfield><subfield code="2">rdamedia</subfield></datafield><datafield ind1=" " ind2=" " tag="338"><subfield code="b">nc</subfield><subfield code="2">rdacarrier</subfield></datafield><datafield ind1="1" ind2=" " tag="490"><subfield code="a">Pratique pédagogique. Bordas</subfield><subfield code="v">77</subfield></datafield><datafield ind1=" " ind2=" " tag="504"><subfield code="a">Bibliogr. : p. 128</subfield></datafield><datafield ind1="1" ind2=" " tag="700"><subfield code="a">Malgoire, Jean-Claude</subfield><subfield code="d">1940-2018</subfield><subfield code="0">(IDREF)068732732</subfield><subfield code="4">aut</subfield></datafield><datafield ind1=" " ind2=" " tag="830"><subfield code="a">Pratique pédagogique</subfield><subfield code="p">Bordas</subfield><subfield code="v">77</subfield><subfield code="w">(RERO)R003603919-41slsp</subfield></datafield></record>
</metadata></record>