<record><header><identifier>oai:alma.41SLSP_UGE:991000768379705502</identifier><datestamp>2024-04-14T00:13:31Z</datestamp><setSpec>uge_bcen_RapidILL_BOOK</setSpec><setSpec>uge_aaca_RapidILL_BOOK</setSpec><setSpec>uge_abels_RapidILL_BOOK</setSpec><setSpec>uge_dbu_RapidILL_BOOK</setSpec><setSpec>uge_cmu_RapidILL_BOOK</setSpec><setSpec>uge_mail_RapidILL_BOOK</setSpec><setSpec>uge_abbat_RapidILL_BOOK</setSpec><setSpec>UNIGE_ALL</setSpec><setSpec>uge_aobs_RapidILL_BOOK</setSpec><setSpec>uge_acar_RapidILL_BOOK</setSpec></header><metadata>
<record xmlns="http://www.loc.gov/MARC21/slim" xmlns:xsi="http://www.w3.org/2001/XMLSchema-instance" xsi:schemaLocation="http://www.loc.gov/MARC21/slim http://www.loc.gov/standards/marcxml/schema/MARC21slim.xsd"><leader>05114nam a2201129 c 4500</leader><controlfield tag="001">991000768379705502</controlfield><controlfield tag="005">20240307234554.0</controlfield><controlfield tag="008">201011t19831983gw ||||| |||| 00| ||ger d</controlfield><datafield ind1=" " ind2=" " tag="020"><subfield code="a">3805307373</subfield></datafield><datafield ind1=" " ind2=" " tag="020"><subfield code="a">3805307462</subfield><subfield code="q">Museumsausgabe</subfield></datafield><datafield ind1=" " ind2=" " tag="035"><subfield code="a">(swissbib)23193209X-41slsp_network</subfield></datafield><datafield ind1=" " ind2=" " tag="035"><subfield code="a">23193209X</subfield><subfield code="9">ExL</subfield></datafield><datafield ind1=" " ind2=" " tag="035"><subfield code="a">(RERO)1046920-41slsp</subfield></datafield><datafield ind1=" " ind2=" " tag="035"><subfield code="a">(IDSBB)000136580DSV01</subfield></datafield><datafield ind1=" " ind2=" " tag="035"><subfield code="a">(NEBIS)003074658EBI01</subfield></datafield><datafield ind1=" " ind2=" " tag="035"><subfield code="a">(IDSLU)000001881ILU01</subfield></datafield><datafield ind1=" " ind2=" " tag="035"><subfield code="a">(ABN)000202541ABN01</subfield></datafield><datafield ind1=" " ind2=" " tag="035"><subfield code="a">(EXLNZ-41SLSP_NETWORK)991127959989705501</subfield></datafield><datafield ind1=" " ind2=" " tag="040"><subfield code="a">RERO frbcuc</subfield><subfield code="d">CH-ZuSLS</subfield></datafield><datafield ind1="1" ind2=" " tag="041"><subfield code="a">ger</subfield><subfield code="h">eng</subfield></datafield><datafield ind1=" " ind2="7" tag="072"><subfield code="a">ar</subfield><subfield code="2">rero</subfield></datafield><datafield ind1=" " ind2="7" tag="072"><subfield code="a">zo</subfield><subfield code="2">rero</subfield></datafield><datafield ind1=" " ind2="7" tag="072"><subfield code="a">ar</subfield><subfield code="2">SzZuIDS BS/BE</subfield></datafield><datafield ind1=" " ind2="7" tag="072"><subfield code="a">et</subfield><subfield code="2">SzZuIDS BS/BE</subfield></datafield><datafield ind1=" " ind2="7" tag="072"><subfield code="a">460</subfield><subfield code="2">IDS LU</subfield></datafield><datafield ind1="1" ind2="4" tag="082"><subfield code="a">930</subfield><subfield code="2">15</subfield></datafield><datafield ind1=" " ind2=" " tag="084"><subfield code="a">6,21</subfield><subfield code="2">ssgn</subfield></datafield><datafield ind1=" " ind2=" " tag="084"><subfield code="a">LF 8232</subfield><subfield code="2">rvk</subfield></datafield><datafield ind1=" " ind2=" " tag="084"><subfield code="a">LF 8435</subfield><subfield code="2">rvk</subfield></datafield><datafield ind1=" " ind2=" " tag="084"><subfield code="a">LG 1500</subfield><subfield code="2">rvk</subfield></datafield><datafield ind1=" " ind2=" " tag="084"><subfield code="a">LH 69360</subfield><subfield code="2">rvk</subfield></datafield><datafield ind1=" " ind2=" " tag="084"><subfield code="a">LH 84520</subfield><subfield code="2">rvk</subfield></datafield><datafield ind1="1" ind2=" " tag="100"><subfield code="a">Gehrig, Ulrich Lorenz</subfield><subfield code="d">1932-</subfield><subfield code="6">880-01</subfield><subfield code="0">(DE-588)172093805</subfield></datafield><datafield ind1="1" ind2=" " tag="880"><subfield code="6">100-01</subfield><subfield code="a">Gehrig, Ulrich</subfield><subfield code="d">19..-....</subfield><subfield code="0">(IDREF)083550429</subfield></datafield><datafield ind1="1" ind2="0" tag="245"><subfield code="a">Tierbilder aus vier Jahrtausenden</subfield><subfield code="b">Antiken der Sammlung Mildenberg : [Ausstellung: Antikenmuseum Staatliche Museen Preussischer Kulturbesitz Berlin, 26. März - 5. Juni 1983 ...]</subfield><subfield code="c">amerikanische Originalausg. von Arielle P. Kozloff ; deutsche Ausg. von Ulrich Gehrig ; unter Mitarb. von Adolf Greifenhagen ... [et al.]</subfield></datafield><datafield ind1="1" ind2=" " tag="246"><subfield code="a">Tierbilder aus vier Jahrtausendenu</subfield></datafield><datafield ind1=" " ind2="1" tag="264"><subfield code="a">Mainz am Rhein</subfield><subfield code="b">Ph. von Zabern</subfield><subfield code="c">[1983]</subfield></datafield><datafield ind1=" " ind2="4" tag="264"><subfield code="c">© 1983</subfield></datafield><datafield ind1=" " ind2=" " tag="300"><subfield code="a">227 S.</subfield><subfield code="b">Karten, z.T. farb. Ill.</subfield><subfield code="c">24 cm</subfield></datafield><datafield ind1=" " ind2=" " tag="336"><subfield code="b">txt</subfield><subfield code="2">rdacontent</subfield></datafield><datafield ind1=" " ind2=" " tag="337"><subfield code="b">n</subfield><subfield code="2">rdamedia</subfield></datafield><datafield ind1=" " ind2=" " tag="338"><subfield code="b">nc</subfield><subfield code="2">rdacarrier</subfield></datafield><datafield ind1=" " ind2=" " tag="500"><subfield code="a">Exposition. Berlin. Antikenmuseum. 1983</subfield></datafield><datafield ind1=" " ind2=" " tag="500"><subfield code="a">Katalog der Wanderausstellung: Berlin, Antikenmuseum Staatliche Museen Preussischer Kulturbesitz, 26. März-5. Juni 1983 ...etc. und: Zürich, Archäologisches Institut der Universität, 1985</subfield></datafield><datafield ind1=" " ind2=" " tag="500"><subfield code="a">Amerikanische Originalausg. von Arielle P. Kozloff</subfield></datafield><datafield ind1=" " ind2=" " tag="500"><subfield code="a">Ausstellung (Zürich ; Archäologisches Institut und archäologische Sammlung ; 1978)</subfield></datafield><datafield ind1=" " ind2=" " tag="500"><subfield code="a">Ausstellung (Berlin-West ; Antikenmuseum ; 1983)</subfield></datafield><datafield ind1=" " ind2=" " tag="500"><subfield code="a">Sammlung (Mildenberg, Leo)</subfield></datafield><datafield ind1=" " ind2=" " tag="500"><subfield code="a">Originaltitel: Ausstellungskatalog; gekürzte Uebersetzung der Amerikanischen Ausgabe: Animals in ancient art from the Leo Mildenberg Collection (Gekürzte Übers. von)</subfield></datafield><datafield ind1=" " ind2=" " tag="520"><subfield code="a">Tierdarstellung</subfield><subfield code="5">ubs-Archäologie</subfield></datafield><datafield ind1="1" ind2="7" tag="600"><subfield code="a">Mildenberg, Leo</subfield><subfield code="d">1913-2001</subfield><subfield code="0">(IDREF)028765095</subfield><subfield code="2">idref</subfield></datafield><datafield ind1="1" ind2="7" tag="600"><subfield code="a">Mildenberg, Leo</subfield><subfield code="x">Sammlung</subfield><subfield code="v">Ausstellungskatalog</subfield><subfield code="2">idsbb</subfield></datafield><datafield ind1="1" ind2="7" tag="600"><subfield code="a">Mildenberg, Leo</subfield><subfield code="d">1913-2001</subfield><subfield code="0">(DE-588)11882323X</subfield><subfield code="2">gnd</subfield></datafield><datafield ind1="1" ind2="0" tag="600"><subfield code="a">Mildenberg, Leo</subfield></datafield><datafield ind1="1" ind2="0" tag="600"><subfield code="a">Mildenberg, Leo</subfield><subfield code="x">Art collections</subfield></datafield><datafield ind1="1" ind2="0" tag="600"><subfield code="a">Mildenberg, Leo</subfield><subfield code="x">Art collections</subfield><subfield code="v">Exhibitions</subfield></datafield><datafield ind1="1" ind2="0" tag="600"><subfield code="a">Mildenberg, Leo</subfield><subfield code="x">Art collections</subfield><subfield code="x">Exhibitions</subfield></datafield><datafield ind1=" " ind2="7" tag="648"><subfield code="a">Geschichte 3000 v. Chr.-500</subfield><subfield code="2">gnd</subfield></datafield><datafield ind1=" " ind2="7" tag="648"><subfield code="a">Geschichte Anfänge-500</subfield><subfield code="2">gnd</subfield></datafield><datafield ind1=" " ind2="7" tag="650"><subfield code="a">Art</subfield><subfield code="0">(IDREF)027269302</subfield><subfield code="2">idref</subfield></datafield><datafield ind1=" " ind2="7" tag="650"><subfield code="a">collection</subfield><subfield code="0">(RERO)A009971137</subfield><subfield code="2">rerovoc</subfield></datafield><datafield ind1=" " ind2="7" tag="650"><subfield code="a">Antiquité</subfield><subfield code="0">(IDREF)027789888</subfield><subfield code="2">idref</subfield></datafield><datafield ind1=" " ind2="7" tag="650"><subfield code="a">Animaux</subfield><subfield code="0">(IDREF)027243745</subfield><subfield code="2">idref</subfield></datafield><datafield ind1=" " ind2="7" tag="650"><subfield code="a">Tierabbildung</subfield><subfield code="y">Geschichte Altertum</subfield><subfield code="x">Sammlung</subfield><subfield code="v">Ausstellungskatalog</subfield><subfield code="2">idsbb</subfield></datafield><datafield ind1=" " ind2="7" tag="650"><subfield code="a">Ausstellung</subfield><subfield code="0">(DE-588)4129601-1</subfield><subfield code="2">gnd</subfield></datafield><datafield ind1=" " ind2="7" tag="650"><subfield code="a">Kleinplastik</subfield><subfield code="0">(DE-588)4031095-4</subfield><subfield code="2">gnd</subfield></datafield><datafield ind1=" " ind2="7" tag="650"><subfield code="a">Kunst</subfield><subfield code="0">(DE-588)4114333-4</subfield><subfield code="2">gnd</subfield></datafield><datafield ind1=" " ind2="7" tag="650"><subfield code="a">Sammlung</subfield><subfield code="0">(DE-588)4128844-0</subfield><subfield code="2">gnd</subfield></datafield><datafield ind1=" " ind2="7" tag="650"><subfield code="a">Tierdarstellung</subfield><subfield code="0">(DE-588)4117216-4</subfield><subfield code="2">gnd</subfield></datafield><datafield ind1=" " ind2="7" tag="650"><subfield code="a">Tiermalerei</subfield><subfield code="0">(DE-588)4185487-1</subfield><subfield code="2">gnd</subfield></datafield><datafield ind1=" " ind2="7" tag="650"><subfield code="a">Tierplastik</subfield><subfield code="0">(DE-588)4185495-0</subfield><subfield code="2">gnd</subfield></datafield><datafield ind1=" " ind2="0" tag="650"><subfield code="a">Animals in art</subfield></datafield><datafield ind1=" " ind2="0" tag="650"><subfield code="a">Animals in art</subfield><subfield code="v">Exhibitions</subfield></datafield><datafield ind1=" " ind2="0" tag="650"><subfield code="a">Animals in art</subfield><subfield code="x">Exhibitions</subfield></datafield><datafield ind1=" " ind2="0" tag="650"><subfield code="a">Art, Ancient</subfield><subfield code="v">Exhibitions</subfield></datafield><datafield ind1=" " ind2="0" tag="650"><subfield code="a">Art, Ancient</subfield><subfield code="x">Private collections</subfield></datafield><datafield ind1=" " ind2="0" tag="650"><subfield code="a">Art, Ancient</subfield><subfield code="x">Private collections</subfield><subfield code="x">Exhibitions</subfield></datafield><datafield ind1=" " ind2="7" tag="655"><subfield code="a">Catalogues d'exposition</subfield><subfield code="0">(IDREF)027320456</subfield><subfield code="2">idref</subfield></datafield><datafield ind1=" " ind2="7" tag="655"><subfield code="a">Ausstellungskatalog</subfield><subfield code="z">Zürich</subfield><subfield code="y">1978</subfield><subfield code="2">gnd-content</subfield></datafield><datafield ind1=" " ind2="7" tag="655"><subfield code="a">Ausstellungskatalog</subfield><subfield code="z">Berlin (West)</subfield><subfield code="y">1983</subfield><subfield code="2">gnd-content</subfield></datafield><datafield ind1=" " ind2=" " tag="690"><subfield code="a">Tiere</subfield><subfield code="2">ubs-AA</subfield></datafield><datafield ind1=" " ind2=" " tag="690"><subfield code="a">Kunst</subfield><subfield code="2">ubs-A8</subfield></datafield><datafield ind1=" " ind2=" " tag="690"><subfield code="a">Archäologie</subfield><subfield code="2">ubs-A8</subfield></datafield><datafield ind1=" " ind2=" " tag="690"><subfield code="a">Altertum / Kunst</subfield><subfield code="2">uzb-Z9</subfield></datafield><datafield ind1=" " ind2=" " tag="690"><subfield code="a">Mildenberg, Leo</subfield><subfield code="2">uzb-Z9</subfield></datafield><datafield ind1=" " ind2=" " tag="690"><subfield code="a">Kunst. A. Ausstellung: Berlin: Tierbilder. Antike</subfield><subfield code="2">rzs-L1</subfield></datafield><datafield ind1=" " ind2=" " tag="690"><subfield code="a">Ausgrabungen, B: Tierdarstellungen. Geschichte. Altertum</subfield><subfield code="2">rzs-L1</subfield></datafield><datafield ind1=" " ind2=" " tag="690"><subfield code="a">Plastik. Geschichte. Altertum, B: Tierdarstellungen</subfield><subfield code="2">rzs-L1</subfield></datafield><datafield ind1=" " ind2=" " tag="690"><subfield code="a">Kunstgewerbe. Geschichte. Altertum, B: Tierdarstellungen</subfield><subfield code="2">rzs-L1</subfield></datafield><datafield ind1=" " ind2=" " tag="690"><subfield code="a">Tiere, B: Kunstdarstellungen. Geschichte. Altertum</subfield><subfield code="2">rzs-L1</subfield></datafield><datafield ind1=" " ind2=" " tag="691"><subfield code="e">M 5.c</subfield><subfield code="a">Early Historic Middle East. General data on the Middle East from the dawn of history (c. 4000 B. C.) to Alexander the Great (c. 330 B. C.)</subfield><subfield code="2">ubs-FH</subfield></datafield><datafield ind1="1" ind2=" " tag="700"><subfield code="a">Greifenhagen, Adolf</subfield></datafield><datafield ind1="1" ind2=" " tag="700"><subfield code="a">Kozloff, Arielle P.</subfield><subfield code="d">1947-....</subfield><subfield code="0">(IDREF)028460995</subfield></datafield><datafield ind1="0" ind2=" " tag="730"><subfield code="a">Animals in ancient art from the Leo Mildenberg Collection</subfield><subfield code="k">Gekürzte Ausgabe</subfield></datafield><datafield ind1=" " ind2=" " tag="900"><subfield code="a">REROnoselfmerge</subfield></datafield><datafield ind1=" " ind2=" " tag="900"><subfield code="a">IDSAxvkvol</subfield></datafield><datafield ind1=" " ind2=" " tag="900"><subfield code="a">IDSZRMedeaZBZ</subfield></datafield><datafield ind1=" " ind2=" " tag="900"><subfield code="f">IDSU2medea</subfield></datafield></record>
</metadata></record>