<record><header><identifier>oai:alma.41SLSP_UGE:991000767859705502</identifier><datestamp>2024-04-11T00:26:23Z</datestamp><setSpec>uge_bcen_RapidILL_BOOK</setSpec><setSpec>uge_aaca_RapidILL_BOOK</setSpec><setSpec>uge_abels_RapidILL_BOOK</setSpec><setSpec>uge_dbu_RapidILL_BOOK</setSpec><setSpec>uge_cmu_RapidILL_BOOK</setSpec><setSpec>uge_mail_RapidILL_BOOK</setSpec><setSpec>uge_abbat_RapidILL_BOOK</setSpec><setSpec>UNIGE_ALL</setSpec><setSpec>uge_aobs_RapidILL_BOOK</setSpec><setSpec>uge_acar_RapidILL_BOOK</setSpec></header><metadata>
<record xmlns="http://www.loc.gov/MARC21/slim" xmlns:xsi="http://www.w3.org/2001/XMLSchema-instance" xsi:schemaLocation="http://www.loc.gov/MARC21/slim http://www.loc.gov/standards/marcxml/schema/MARC21slim.xsd"><leader>06085nam a2201249 c 4500</leader><controlfield tag="001">991000767859705502</controlfield><controlfield tag="005">20240410141201.0</controlfield><controlfield tag="007">tu</controlfield><controlfield tag="008">201012s2016    sz       |||| 000 0 fre| </controlfield><datafield ind1=" " ind2=" " tag="015"><subfield code="a">16,N29</subfield><subfield code="2">dnb</subfield></datafield><datafield ind1="7" ind2=" " tag="016"><subfield code="a">1106463471</subfield><subfield code="2">DE-101</subfield></datafield><datafield ind1=" " ind2=" " tag="020"><subfield code="a">3725575576</subfield></datafield><datafield ind1=" " ind2=" " tag="020"><subfield code="a">9783725575572</subfield><subfield code="c">Fr. 48.00</subfield></datafield><datafield ind1=" " ind2=" " tag="035"><subfield code="a">(swissbib)232681597-41slsp_network</subfield></datafield><datafield ind1=" " ind2=" " tag="035"><subfield code="a">232681597</subfield><subfield code="9">ExL</subfield></datafield><datafield ind1=" " ind2=" " tag="035"><subfield code="a">(IDSBB)006574850DSV01</subfield></datafield><datafield ind1=" " ind2=" " tag="035"><subfield code="a">(IDSSG)000868960HSB01</subfield></datafield><datafield ind1=" " ind2=" " tag="035"><subfield code="a">(IDSLU)001253543ILU01</subfield></datafield><datafield ind1=" " ind2=" " tag="035"><subfield code="a">(NEBIS)010685579EBI01</subfield></datafield><datafield ind1=" " ind2=" " tag="035"><subfield code="a">(RERO)R008468709-41slsp</subfield></datafield><datafield ind1=" " ind2=" " tag="035"><subfield code="a">(OCoLC)953881135</subfield></datafield><datafield ind1=" " ind2=" " tag="035"><subfield code="a">(ABN)000835788ABN01</subfield></datafield><datafield ind1=" " ind2=" " tag="035"><subfield code="a">(ALEX)bv9925878703801791</subfield></datafield><datafield ind1=" " ind2=" " tag="035"><subfield code="a">(EXLNZ-41SLSP_NETWORK)991023876489705501</subfield></datafield><datafield ind1=" " ind2=" " tag="040"><subfield code="a">GWDNB</subfield><subfield code="b">ger</subfield><subfield code="e">rda</subfield><subfield code="d">CH-ZuSLS</subfield></datafield><datafield ind1="0" ind2=" " tag="041"><subfield code="a">fre</subfield><subfield code="a">ger</subfield></datafield><datafield ind1=" " ind2=" " tag="044"><subfield code="c">XA-CH</subfield></datafield><datafield ind1=" " ind2="7" tag="072"><subfield code="a">rw</subfield><subfield code="2">SzZuIDS BS/BE</subfield></datafield><datafield ind1=" " ind2="7" tag="072"><subfield code="a">id</subfield><subfield code="2">SzZuIDS BS/BE</subfield></datafield><datafield ind1=" " ind2="7" tag="072"><subfield code="a">807</subfield><subfield code="2">IDS LU</subfield></datafield><datafield ind1=" " ind2="7" tag="072"><subfield code="a">dr</subfield><subfield code="2">rero</subfield></datafield><datafield ind1="0" ind2="4" tag="082"><subfield code="a">342.4940858</subfield><subfield code="2">22</subfield></datafield><datafield ind1="0" ind2="4" tag="082"><subfield code="a">340</subfield><subfield code="q">DE-101</subfield></datafield><datafield ind1="1" ind2="4" tag="082"><subfield code="a">020</subfield><subfield code="2">15</subfield></datafield><datafield ind1="1" ind2="4" tag="082"><subfield code="a">340</subfield><subfield code="2">15</subfield></datafield><datafield ind1=" " ind2=" " tag="084"><subfield code="a">340</subfield><subfield code="2">sdnb</subfield></datafield><datafield ind1=" " ind2=" " tag="084"><subfield code="a">CA/CH 89.5 h</subfield><subfield code="2">cjurrom</subfield></datafield><datafield ind1=" " ind2=" " tag="084"><subfield code="a">CA/CH 65.1 h</subfield><subfield code="2">cjurrom</subfield></datafield><datafield ind1=" " ind2=" " tag="084"><subfield code="a">CA/CH 82 h</subfield><subfield code="2">cjurrom</subfield></datafield><datafield ind1="1" ind2=" " tag="100"><subfield code="6">880-01</subfield><subfield code="a">Wohlers, Wolfgang</subfield><subfield code="d">1962-</subfield><subfield code="0">(DE-588)1032217057</subfield><subfield code="4">aut</subfield></datafield><datafield ind1="1" ind2=" " tag="880"><subfield code="6">100-01</subfield><subfield code="a">Wohlers, Wolfgang</subfield><subfield code="d">1962-....</subfield><subfield code="0">(IDREF)088222810</subfield><subfield code="4">cre</subfield></datafield><datafield ind1="1" ind2="0" tag="245"><subfield code="a">Auslagerung einer Datenbearbeitung und Berufsgeheimnis (Art. 321 StGB)</subfield><subfield code="b">= Externalisation du traitement des données et secret professionnel (art. 321 CPS)</subfield><subfield code="c">Wolfgang Wohlers</subfield></datafield><datafield ind1="1" ind2="8" tag="246"><subfield code="a">Outsourcing et secret professionnel</subfield></datafield><datafield ind1="1" ind2="8" tag="246"><subfield code="a">Outsourcing und Berufsgeheimniss</subfield></datafield><datafield ind1="1" ind2="8" tag="246"><subfield code="a">Outsourcing und Berufsgeheimnis</subfield></datafield><datafield ind1="1" ind2="1" tag="246"><subfield code="a">Externalisation du traitement des données et secret professionnel (art. 321 CPS)</subfield></datafield><datafield ind1="1" ind2=" " tag="246"><subfield code="a">Oursourcing et secret professionnel</subfield></datafield><datafield ind1=" " ind2="1" tag="264"><subfield code="a">Zürich</subfield><subfield code="a">Basel</subfield><subfield code="a">Genf</subfield><subfield code="b">Schulthess</subfield><subfield code="c">2016</subfield></datafield><datafield ind1=" " ind2=" " tag="300"><subfield code="a">68 Seiten</subfield></datafield><datafield ind1=" " ind2=" " tag="336"><subfield code="b">txt</subfield><subfield code="2">rdacontent</subfield></datafield><datafield ind1=" " ind2=" " tag="337"><subfield code="b">n</subfield><subfield code="2">rdamedia</subfield></datafield><datafield ind1=" " ind2=" " tag="338"><subfield code="b">nc</subfield><subfield code="2">rdacarrier</subfield></datafield><datafield ind1="1" ind2=" " tag="490"><subfield code="a">digma: Schriften zum Datenrecht</subfield><subfield code="v">Band 9</subfield></datafield><datafield ind1=" " ind2=" " tag="500"><subfield code="a">Rechtsgutachten im Auftrag des Datenschutzbeauftragten des Kantons Zürich</subfield></datafield><datafield ind1=" " ind2=" " tag="500"><subfield code="a">Deutsche und Französische Fassung</subfield></datafield><datafield ind1=" " ind2=" " tag="500"><subfield code="a">Rückentitel: Outsourcing und Berufsgeheimnis / Oursourcing et secret professionnel</subfield></datafield><datafield ind1=" " ind2=" " tag="546"><subfield code="a">Deutsch-französischer Paralleltext</subfield></datafield><datafield ind1=" " ind2="7" tag="650"><subfield code="a">Informationelles Selbstbestimmungsrecht</subfield><subfield code="0">(DE-588)4140250-9</subfield><subfield code="2">gnd</subfield></datafield><datafield ind1=" " ind2="7" tag="650"><subfield code="a">Datenverarbeitung</subfield><subfield code="0">(DE-588)4011152-0</subfield><subfield code="2">gnd</subfield></datafield><datafield ind1=" " ind2="7" tag="650"><subfield code="a">Geheimnisschutz</subfield><subfield code="0">(DE-588)4280567-3</subfield><subfield code="2">gnd</subfield></datafield><datafield ind1=" " ind2="7" tag="650"><subfield code="a">Strafrecht</subfield><subfield code="0">(DE-588)4057795-8</subfield><subfield code="2">gnd</subfield></datafield><datafield ind1=" " ind2="7" tag="650"><subfield code="a">Datenerfassung</subfield><subfield code="0">(DE-588)4011123-4</subfield><subfield code="2">gnd</subfield></datafield><datafield ind1=" " ind2="7" tag="650"><subfield code="a">Schweigepflicht</subfield><subfield code="0">(DE-588)4180447-8</subfield><subfield code="2">gnd</subfield></datafield><datafield ind1=" " ind2="7" tag="650"><subfield code="a">Strafbarkeit</subfield><subfield code="0">(DE-588)4131795-6</subfield><subfield code="2">gnd</subfield></datafield><datafield ind1=" " ind2="7" tag="650"><subfield code="a">Outsourcing</subfield><subfield code="0">(DE-588)4127582-2</subfield><subfield code="2">gnd</subfield></datafield><datafield ind1=" " ind2="7" tag="650"><subfield code="a">Datenschutz</subfield><subfield code="0">(DE-588)4011134-9</subfield><subfield code="2">gnd</subfield></datafield><datafield ind1=" " ind2="7" tag="650"><subfield code="a">CANTON OF ZURICH (SWITZERLAND)</subfield><subfield code="9">eng</subfield><subfield code="0">(ETHUDK)000005521</subfield><subfield code="2">ethudk</subfield></datafield><datafield ind1=" " ind2="7" tag="650"><subfield code="a">INFORMATION LAW (SPECIAL LAW BRANCHES)</subfield><subfield code="9">eng</subfield><subfield code="0">(ETHUDK)000055670</subfield><subfield code="2">ethudk</subfield></datafield><datafield ind1=" " ind2="7" tag="650"><subfield code="a">OBLIGATION TO MAINTAIN PROFESSIONAL CONFIDENTIALITY (CRIMINAL LAW)</subfield><subfield code="9">eng</subfield><subfield code="0">(ETHUDK)000011258</subfield><subfield code="2">ethudk</subfield></datafield><datafield ind1=" " ind2="7" tag="650"><subfield code="a">Verletzung des Berufsgeheimnisses(Strafrecht)</subfield><subfield code="9">ger</subfield><subfield code="0">(RERO)jurivoc000024665ger</subfield><subfield code="2">jurivoc</subfield></datafield><datafield ind1=" " ind2="7" tag="650"><subfield code="a">Outsourcing</subfield><subfield code="9">ger</subfield><subfield code="0">(RERO)jurivoc000016722ger</subfield><subfield code="2">jurivoc</subfield></datafield><datafield ind1=" " ind2="7" tag="650"><subfield code="a">Berufsgeheimnis</subfield><subfield code="9">ger</subfield><subfield code="0">(RERO)jurivoc000003332ger</subfield><subfield code="2">jurivoc</subfield></datafield><datafield ind1=" " ind2="7" tag="650"><subfield code="a">Datenschutz</subfield><subfield code="9">ger</subfield><subfield code="0">(RERO)jurivoc000005314ger</subfield><subfield code="2">jurivoc</subfield></datafield><datafield ind1=" " ind2="7" tag="650"><subfield code="a">Geheimhaltung</subfield><subfield code="9">ger</subfield><subfield code="0">(RERO)jurivoc000009278ger</subfield><subfield code="2">jurivoc</subfield></datafield><datafield ind1=" " ind2="7" tag="650"><subfield code="a">Personendaten</subfield><subfield code="9">ger</subfield><subfield code="0">(RERO)jurivoc000017066ger</subfield><subfield code="2">jurivoc</subfield></datafield><datafield ind1=" " ind2="7" tag="650"><subfield code="a">Kommunikation</subfield><subfield code="9">ger</subfield><subfield code="0">(RERO)jurivoc000013075ger</subfield><subfield code="2">jurivoc</subfield></datafield><datafield ind1=" " ind2="7" tag="650"><subfield code="a">elektronische Datenverarbeitung</subfield><subfield code="9">ger</subfield><subfield code="0">(RERO)jurivoc000006753ger</subfield><subfield code="2">jurivoc</subfield></datafield><datafield ind1=" " ind2="7" tag="650"><subfield code="a">Droits de la personnalité</subfield><subfield code="0">(IDREF)027741745</subfield><subfield code="2">idref</subfield></datafield><datafield ind1=" " ind2="7" tag="650"><subfield code="a">Protection de l'information (informatique)</subfield><subfield code="0">(IDREF)02801877X</subfield><subfield code="2">idref</subfield></datafield><datafield ind1=" " ind2="7" tag="650"><subfield code="a">Droit pénal</subfield><subfield code="0">(IDREF)027466892</subfield><subfield code="2">idref</subfield></datafield><datafield ind1=" " ind2="7" tag="650"><subfield code="a">Infractions contre la personne</subfield><subfield code="0">(IDREF)027616827</subfield><subfield code="2">idref</subfield></datafield><datafield ind1=" " ind2="7" tag="650"><subfield code="a">Externalisation</subfield><subfield code="0">(IDREF)126233128</subfield><subfield code="2">idref</subfield></datafield><datafield ind1=" " ind2="7" tag="650"><subfield code="a">Secret professionnel</subfield><subfield code="0">(IDREF)027442187</subfield><subfield code="2">idref</subfield></datafield><datafield ind1=" " ind2="7" tag="651"><subfield code="a">Schweiz</subfield><subfield code="0">(DE-588)4053881-3</subfield><subfield code="2">gnd</subfield></datafield><datafield ind1=" " ind2="7" tag="651"><subfield code="a">Schweiz</subfield><subfield code="9">ger</subfield><subfield code="0">(RERO)jurivoc000019912ger</subfield><subfield code="2">jurivoc</subfield></datafield><datafield ind1=" " ind2="7" tag="651"><subfield code="a">Suisse</subfield><subfield code="0">(IDREF)027249654</subfield><subfield code="2">idref</subfield></datafield><datafield ind1=" " ind2="7" tag="655"><subfield code="a">Thèses et écrits académiques</subfield><subfield code="0">(IDREF)027253139</subfield><subfield code="2">idref</subfield></datafield><datafield ind1=" " ind2=" " tag="690"><subfield code="a">Outsourcing; Bearbeitung; Schutz; Nutzung; Berufsgeheimnis; Verarbeitung; Planung</subfield><subfield code="2">idssg-J</subfield></datafield><datafield ind1=" " ind2=" " tag="690"><subfield code="a">Datenbearbeitung; Geheimnisschutz; Offshoreoutsourcing; Datenrecht; Folgerunge; Gutachtenauftrag; Hilfsperson; Meinungsstand; Stellungnahme</subfield><subfield code="2">idssg-J</subfield></datafield><datafield ind1=" " ind2=" " tag="690"><subfield code="a">datenschutzrechtliche Vorgabe; dritt Ergabe; geheimnisschutzrechtliche Vorgabe; gutachterliche Stellungnahme; zunehmendes Outsourcing</subfield><subfield code="2">idssg-J</subfield></datafield><datafield ind1=" " ind2=" " tag="690"><subfield code="a">Bruno Baeriswyl Rudin; Bruno Baeriswyl Rudin Schlagen Band; Datenbearbeitung Berufsgeheimnis Art.; Geheimhaltung Profi Art.; Verarbeitung Outsourcing Daten; Wolfgang Wohlers</subfield><subfield code="2">idssg-J</subfield></datafield><datafield ind1=" " ind2=" " tag="691"><subfield code="e">PC 65.1 CH</subfield><subfield code="2">rzs-L1</subfield></datafield><datafield ind1="1" ind2=" " tag="700"><subfield code="a">Baeriswyl, Bruno</subfield><subfield code="d">1955-</subfield><subfield code="0">(DE-588)124277713</subfield><subfield code="4">edt</subfield></datafield><datafield ind1="1" ind2=" " tag="700"><subfield code="a">Rudin, Beat</subfield><subfield code="0">(DE-588)112766285</subfield><subfield code="4">edt</subfield></datafield><datafield ind1=" " ind2="0" tag="830"><subfield code="a">Digma: Schriften zum Datenrecht</subfield><subfield code="v">9</subfield><subfield code="w">991064578829705501</subfield></datafield><datafield ind1=" " ind2="0" tag="830"><subfield code="a">Digma</subfield><subfield code="v">9</subfield><subfield code="w">(IDSLU)000469279ILU01</subfield></datafield><datafield ind1=" " ind2="0" tag="830"><subfield code="a">digma</subfield><subfield code="p">Schriften zum Datenrecht</subfield><subfield code="v">9</subfield><subfield code="w">(IDSSG)000341915HSB01</subfield></datafield><datafield ind1=" " ind2="0" tag="830"><subfield code="a">Digma</subfield><subfield code="v">9</subfield><subfield code="w">(IDSBB)003859806DSV01</subfield></datafield><datafield ind1=" " ind2="0" tag="830"><subfield code="a">Digma</subfield><subfield code="v">9</subfield><subfield code="w">(RERO)R003964633-41slsp</subfield></datafield><datafield ind1="4" ind2=" " tag="856"><subfield code="3">Titelblatt und Inhaltsverzeichnis</subfield><subfield code="u">https://toc.library.ethz.ch/objects/pdf03/z01_978-3-7255-7557-2_01.pdf</subfield><subfield code="q">pdf</subfield></datafield><datafield ind1="4" ind2=" " tag="856"><subfield code="3">Abstract / Autoreninformation</subfield><subfield code="u">https://toc.library.ethz.ch/objects/pdf03/e01_978-3-7255-7557-2_02.pdf</subfield><subfield code="q">pdf</subfield></datafield><datafield ind1=" " ind2=" " tag="900"><subfield code="a">Stoppsignal FRED</subfield></datafield><datafield ind1=" " ind2=" " tag="900"><subfield code="a">IDSZ1ZH</subfield></datafield><datafield ind1=" " ind2=" " tag="900"><subfield code="a">IDSZ2rwimon201607p</subfield><subfield code="c">IDSZ2paru</subfield><subfield code="d">IDSZ2rwiswk201608b</subfield><subfield code="e">IDSZ2sust</subfield></datafield><datafield ind1=" " ind2=" " tag="900"><subfield code="a">IDSZ2zbzmon201608l</subfield><subfield code="c">IDSZ2kalh</subfield><subfield code="d">IDSZ2zbzswk201608g</subfield><subfield code="e">IDSZ2bruu</subfield></datafield><datafield ind1=" " ind2=" " tag="900"><subfield code="a">IDSE5E51ANH-2016</subfield></datafield><datafield ind1=" " ind2=" " tag="949"><subfield code="a">https://toc.library.ethz.ch/objects/pdf03/z01_978-3-7255-7557-2_01.pdf</subfield></datafield><datafield ind1=" " ind2=" " tag="949"><subfield code="a">https://toc.library.ethz.ch/objects/pdf03/e01_978-3-7255-7557-2_02.pdf</subfield></datafield></record>
</metadata></record>