<record><header><identifier>oai:alma.41SLSP_UGE:991000767649705502</identifier><datestamp>2024-03-21T01:18:18Z</datestamp><setSpec>uge_bcen_RapidILL_BOOK</setSpec><setSpec>uge_aaca_RapidILL_BOOK</setSpec><setSpec>uge_abels_RapidILL_BOOK</setSpec><setSpec>uge_dbu_RapidILL_BOOK</setSpec><setSpec>uge_cmu_RapidILL_BOOK</setSpec><setSpec>uge_mail_RapidILL_BOOK</setSpec><setSpec>uge_abbat_RapidILL_BOOK</setSpec><setSpec>UNIGE_ALL</setSpec><setSpec>uge_aobs_RapidILL_BOOK</setSpec><setSpec>uge_acar_RapidILL_BOOK</setSpec></header><metadata>
<record xmlns="http://www.loc.gov/MARC21/slim" xmlns:xsi="http://www.w3.org/2001/XMLSchema-instance" xsi:schemaLocation="http://www.loc.gov/MARC21/slim http://www.loc.gov/standards/marcxml/schema/MARC21slim.xsd"><leader>01502nam a2200373uca4500</leader><controlfield tag="001">991000767649705502</controlfield><controlfield tag="005">20240320225040.0</controlfield><controlfield tag="008">201012s1978    xxk    |      10| ||eng|d</controlfield><datafield ind1=" " ind2=" " tag="019"><subfield code="a">Übergeordnete Aufnahme = Niveau supérieur = Livello superiore</subfield><subfield code="5">SLSP/2020</subfield></datafield><datafield ind1=" " ind2=" " tag="020"><subfield code="a">0853120692</subfield></datafield><datafield ind1=" " ind2=" " tag="020"><subfield code="a">0470993790</subfield></datafield><datafield ind1=" " ind2=" " tag="020"><subfield code="a">0853120730</subfield></datafield><datafield ind1=" " ind2=" " tag="020"><subfield code="a">0470263660</subfield></datafield><datafield ind1=" " ind2=" " tag="035"><subfield code="a">(swissbib)238748928-41slsp_network</subfield></datafield><datafield ind1=" " ind2=" " tag="035"><subfield code="a">238748928</subfield><subfield code="9">ExL</subfield></datafield><datafield ind1=" " ind2=" " tag="035"><subfield code="a">(NEBIS)000128280EBI01</subfield></datafield><datafield ind1=" " ind2=" " tag="035"><subfield code="a">(RERO)1061986-41slsp</subfield></datafield><datafield ind1=" " ind2=" " tag="035"><subfield code="a">(EXLNZ-41SLSP_NETWORK)991050909249705501</subfield></datafield><datafield ind1=" " ind2=" " tag="040"><subfield code="a">ETH-BIB</subfield><subfield code="b">ger</subfield><subfield code="e">ETHICS-ISBD</subfield><subfield code="d">CH-ZuSLS</subfield></datafield><datafield ind1=" " ind2="7" tag="072"><subfield code="a">ch</subfield><subfield code="2">rero</subfield></datafield><datafield ind1=" " ind2="7" tag="072"><subfield code="a">py</subfield><subfield code="2">rero</subfield></datafield><datafield ind1="0" ind2="0" tag="245"><subfield code="a">Chromatography of synthetic and biological polymers</subfield><subfield code="b">(Chemical Society international symposium; Birmingham, July 7-9, 1976)</subfield><subfield code="c">comp., ed.: Roger Epton</subfield></datafield><datafield ind1=" " ind2="1" tag="264"><subfield code="a">Chichester</subfield><subfield code="b">Horwood</subfield><subfield code="c">1978</subfield></datafield><datafield ind1=" " ind2=" " tag="300"><subfield code="a">2 vol.</subfield><subfield code="c">24 cm</subfield><subfield code="b">fig.; diagr.; tab.</subfield></datafield><datafield ind1=" " ind2=" " tag="336"><subfield code="b">txt</subfield><subfield code="2">rdacontent</subfield></datafield><datafield ind1=" " ind2=" " tag="337"><subfield code="b">n</subfield><subfield code="2">rdamedia</subfield></datafield><datafield ind1=" " ind2=" " tag="338"><subfield code="b">nc</subfield><subfield code="2">rdacarrier</subfield></datafield><datafield ind1=" " ind2="7" tag="650"><subfield code="a">BIOLOGISCHE MAKROMOLEKÜLE (BIOCHEMIE)</subfield><subfield code="9">ger</subfield><subfield code="0">(ETHUDK)000050471</subfield><subfield code="2">ethudk</subfield></datafield><datafield ind1=" " ind2="7" tag="650"><subfield code="a">CHROMATOGRAPHIE (ANALYTISCHE CHEMIE)</subfield><subfield code="9">ger</subfield><subfield code="0">(ETHUDK)000016440</subfield><subfield code="2">ethudk</subfield></datafield><datafield ind1=" " ind2="7" tag="650"><subfield code="a">CHROMATOGRAPHIE (BIOCHEMISCHE ANALYTIK)</subfield><subfield code="9">ger</subfield><subfield code="0">(ETHUDK)000041552</subfield><subfield code="2">ethudk</subfield></datafield><datafield ind1=" " ind2="7" tag="650"><subfield code="a">KUNSTSTOFFE (WERKSTOFFE)</subfield><subfield code="9">ger</subfield><subfield code="0">(ETHUDK)000034564</subfield><subfield code="2">ethudk</subfield></datafield><datafield ind1=" " ind2="7" tag="655"><subfield code="a">Konferenzschrift</subfield><subfield code="z">Birmingham (Great Britain)</subfield><subfield code="y">1976/07</subfield><subfield code="2">gnd-content</subfield></datafield><datafield ind1="1" ind2=" " tag="700"><subfield code="a">Epton, Roger</subfield><subfield code="0">(IDREF)032582986</subfield></datafield><datafield ind1="2" ind2=" " tag="710"><subfield code="a">Chemical Society</subfield><subfield code="0">(DE-588)6817-2</subfield></datafield><datafield ind1=" " ind2=" " tag="900"><subfield code="a">REROnoselfmerge</subfield></datafield></record>
</metadata></record>