<record><header><identifier>oai:alma.41SLSP_UGE:991000767959705502</identifier><datestamp>2023-03-01T01:10:08Z</datestamp><setSpec>uge_bcen_RapidILL_BOOK</setSpec><setSpec>uge_aaca_RapidILL_BOOK</setSpec><setSpec>uge_abels_RapidILL_BOOK</setSpec><setSpec>uge_dbu_RapidILL_BOOK</setSpec><setSpec>uge_cmu_RapidILL_BOOK</setSpec><setSpec>uge_mail_RapidILL_BOOK</setSpec><setSpec>UNIGE_ALL</setSpec><setSpec>uge_abbat_RapidILL_BOOK</setSpec><setSpec>uge_aobs_RapidILL_BOOK</setSpec><setSpec>uge_acar_RapidILL_BOOK</setSpec></header><metadata>
<record xmlns="http://www.loc.gov/MARC21/slim" xmlns:xsi="http://www.w3.org/2001/XMLSchema-instance" xsi:schemaLocation="http://www.loc.gov/MARC21/slim http://www.loc.gov/standards/marcxml/schema/MARC21slim.xsd"><leader>01405nam a2200397 c 4500</leader><controlfield tag="001">991000767959705502</controlfield><controlfield tag="005">20201231182746.0</controlfield><controlfield tag="008">201012s1968    xxu||||| |||| 00| ||eng d</controlfield><datafield ind1=" " ind2=" " tag="035"><subfield code="a">(swissbib)242277772-41slsp_network</subfield></datafield><datafield ind1=" " ind2=" " tag="035"><subfield code="a">242277772</subfield><subfield code="9">ExL</subfield></datafield><datafield ind1=" " ind2=" " tag="035"><subfield code="a">(RERO)0229767-41slsp</subfield></datafield><datafield ind1=" " ind2=" " tag="035"><subfield code="a">(IDSBB)004898636DSV01</subfield></datafield><datafield ind1=" " ind2=" " tag="035"><subfield code="a">(NEBIS)005777725EBI01</subfield></datafield><datafield ind1=" " ind2=" " tag="035"><subfield code="a">(EXLNZ-41SLSP_NETWORK)991089289819705501</subfield></datafield><datafield ind1=" " ind2=" " tag="040"><subfield code="a">RERO</subfield><subfield code="d">CH-ZuSLS</subfield></datafield><datafield ind1=" " ind2="7" tag="072"><subfield code="a">an</subfield><subfield code="2">rero</subfield></datafield><datafield ind1="1" ind2=" " tag="080"><subfield code="a">820&quot;14/16&quot;SPE8</subfield></datafield><datafield ind1="0" ind2="4" tag="082"><subfield code="a">821.3</subfield></datafield><datafield ind1="1" ind2="4" tag="082"><subfield code="a">821.3</subfield></datafield><datafield ind1="0" ind2="0" tag="245"><subfield code="a">Spenser</subfield><subfield code="b">a collection of critical essays</subfield><subfield code="c">edited by Harry Berger, Jr</subfield></datafield><datafield ind1=" " ind2="1" tag="264"><subfield code="a">Englewood Cliffs</subfield><subfield code="b">Prentice-Hall</subfield><subfield code="c">[1968]</subfield></datafield><datafield ind1=" " ind2="4" tag="264"><subfield code="c">© 1968</subfield></datafield><datafield ind1=" " ind2=" " tag="300"><subfield code="a">VII, 182 p.</subfield><subfield code="c">21 cm</subfield></datafield><datafield ind1=" " ind2=" " tag="336"><subfield code="b">txt</subfield><subfield code="2">rdacontent</subfield></datafield><datafield ind1=" " ind2=" " tag="337"><subfield code="b">n</subfield><subfield code="2">rdamedia</subfield></datafield><datafield ind1=" " ind2=" " tag="338"><subfield code="b">nc</subfield><subfield code="2">rdacarrier</subfield></datafield><datafield ind1="1" ind2=" " tag="490"><subfield code="a">Twentieth century views</subfield></datafield><datafield ind1="1" ind2="7" tag="600"><subfield code="a">Spenser, Edmund</subfield><subfield code="d">1552?-1599</subfield><subfield code="0">(IDREF)085812242</subfield><subfield code="2">idref</subfield></datafield><datafield ind1="1" ind2="0" tag="600"><subfield code="a">Spenser, Edmund</subfield><subfield code="d">1552?-1599</subfield><subfield code="x">Criticism and interpretation</subfield></datafield><datafield ind1=" " ind2="7" tag="655"><subfield code="a">[Études diverses]</subfield><subfield code="0">(RERO)A022249905</subfield><subfield code="2">rero</subfield></datafield><datafield ind1="1" ind2=" " tag="700"><subfield code="a">Berger, Harry</subfield><subfield code="d">1924-</subfield><subfield code="0">(DE-588)1078360324</subfield><subfield code="6">880-02</subfield></datafield><datafield ind1="1" ind2=" " tag="880"><subfield code="6">700-02</subfield><subfield code="a">Berger, Harry</subfield><subfield code="d">1924-....</subfield><subfield code="0">(IDREF)030354706</subfield></datafield><datafield ind1=" " ind2=" " tag="830"><subfield code="a">Twentieth century views</subfield><subfield code="w">(IDSBB)000678818DSV01</subfield></datafield><datafield ind1=" " ind2=" " tag="830"><subfield code="a">&lt;&lt;A&gt;&gt; spectrum book</subfield><subfield code="p">Twentieth century views</subfield><subfield code="v">80</subfield><subfield code="w">(NEBIS)005046497EBI01</subfield></datafield><datafield ind1=" " ind2=" " tag="900"><subfield code="a">REROnoselfmerge</subfield></datafield><datafield ind1=" " ind2=" " tag="900"><subfield code="a">IDSZ2esmon200904r</subfield><subfield code="c">IDSZ2fumo</subfield></datafield><datafield ind1=" " ind2=" " tag="900"><subfield code="a">IDSZRMedeaZBZ</subfield><subfield code="b">IDSZRSWK</subfield></datafield></record>
</metadata></record>