<record><header><identifier>oai:alma.41SLSP_UGE:991000788879705502</identifier><datestamp>2023-03-01T01:10:08Z</datestamp><setSpec>uge_bcen_RapidILL_BOOK</setSpec><setSpec>uge_aaca_RapidILL_BOOK</setSpec><setSpec>uge_abels_RapidILL_BOOK</setSpec><setSpec>uge_dbu_RapidILL_BOOK</setSpec><setSpec>uge_cmu_RapidILL_BOOK</setSpec><setSpec>uge_mail_RapidILL_BOOK</setSpec><setSpec>UNIGE_ALL</setSpec><setSpec>uge_abbat_RapidILL_BOOK</setSpec><setSpec>uge_aobs_RapidILL_BOOK</setSpec><setSpec>uge_acar_RapidILL_BOOK</setSpec></header><metadata>
<record xmlns="http://www.loc.gov/MARC21/slim" xmlns:xsi="http://www.w3.org/2001/XMLSchema-instance" xsi:schemaLocation="http://www.loc.gov/MARC21/slim http://www.loc.gov/standards/marcxml/schema/MARC21slim.xsd"><leader>01090naa a2200253 c 4500</leader><controlfield tag="001">991000788879705502</controlfield><controlfield tag="005">20201227162157.0</controlfield><controlfield tag="008">191101s2016    sz            000 0 ger d</controlfield><datafield ind1=" " ind2=" " tag="035"><subfield code="a">(swissbib)126066884-41slsp_network</subfield></datafield><datafield ind1=" " ind2=" " tag="035"><subfield code="a">126066884</subfield><subfield code="9">ExL</subfield></datafield><datafield ind1=" " ind2=" " tag="035"><subfield code="a">(RERO)R008981734-41slsp</subfield></datafield><datafield ind1=" " ind2=" " tag="035"><subfield code="a">(EXLNZ-41SLSP_NETWORK)991038956569705501</subfield></datafield><datafield ind1=" " ind2=" " tag="040"><subfield code="a">RERO geubfd</subfield><subfield code="d">CH-ZuSLS</subfield></datafield><datafield ind1=" " ind2=" " tag="044"><subfield code="a">sz</subfield><subfield code="c">ch-be</subfield></datafield><datafield ind1=" " ind2="7" tag="072"><subfield code="a">dr</subfield><subfield code="2">rero</subfield></datafield><datafield ind1=" " ind2=" " tag="084"><subfield code="a">CE/RPC 86.1 i</subfield><subfield code="2">cjurrom</subfield></datafield><datafield ind1="1" ind2=" " tag="100"><subfield code="a">Krauskopf, Patrick</subfield><subfield code="d">1967-....</subfield><subfield code="0">(IDREF)233170073</subfield><subfield code="4">aut</subfield></datafield><datafield ind1="1" ind2="0" tag="245"><subfield code="a">&lt;&lt;Der&gt;&gt; gegenwärtige Zustand des Lizenzrechts in China</subfield><subfield code="b">was eine Schweizer Firma im Falle einer Lizenzvergabe nach Fernost bedenken sollte</subfield><subfield code="c">Patrick L. Krauskopf, Andreas Kratochwill</subfield></datafield><datafield ind1=" " ind2=" " tag="336"><subfield code="b">txt</subfield><subfield code="2">rdacontent</subfield></datafield><datafield ind1=" " ind2=" " tag="337"><subfield code="b">n</subfield><subfield code="2">rdamedia</subfield></datafield><datafield ind1=" " ind2=" " tag="338"><subfield code="b">nc</subfield><subfield code="2">rdacarrier</subfield></datafield><datafield ind1=" " ind2=" " tag="580"><subfield code="a">In: IP-Herausforderungen in China : Hintergrund, Entwicklungen, Lösungsansätze. - Bern : Growth Publisher Law, 2016. - P. 47-65</subfield></datafield><datafield ind1="1" ind2=" " tag="700"><subfield code="a">Kratochwill, Andreas</subfield><subfield code="4">aut</subfield></datafield><datafield ind1="0" ind2=" " tag="773"><subfield code="t">IP-Herausforderungen in China : Hintergrund, Entwicklungen, Lösungsansätze</subfield><subfield code="g">47</subfield><subfield code="w">(RERO)R008949211-41slsp</subfield></datafield><datafield ind1=" " ind2=" " tag="900"><subfield code="a">REROnoselfmerge</subfield></datafield></record>
</metadata></record>