<record><header><identifier>oai:alma.41SLSP_UGE:991000768489705502</identifier><datestamp>2023-03-01T01:10:08Z</datestamp><setSpec>uge_bcen_RapidILL_BOOK</setSpec><setSpec>uge_aaca_RapidILL_BOOK</setSpec><setSpec>uge_abels_RapidILL_BOOK</setSpec><setSpec>uge_dbu_RapidILL_BOOK</setSpec><setSpec>uge_cmu_RapidILL_BOOK</setSpec><setSpec>uge_mail_RapidILL_BOOK</setSpec><setSpec>UNIGE_ALL</setSpec><setSpec>uge_abbat_RapidILL_BOOK</setSpec><setSpec>uge_aobs_RapidILL_BOOK</setSpec><setSpec>uge_acar_RapidILL_BOOK</setSpec></header><metadata>
<record xmlns="http://www.loc.gov/MARC21/slim" xmlns:xsi="http://www.w3.org/2001/XMLSchema-instance" xsi:schemaLocation="http://www.loc.gov/MARC21/slim http://www.loc.gov/standards/marcxml/schema/MARC21slim.xsd"><leader>01475nam a2200373 c 4500</leader><controlfield tag="001">991000768489705502</controlfield><controlfield tag="005">20210206202805.0</controlfield><controlfield tag="008">201012s1976    xxu||||| |||| 00| ||eng d</controlfield><datafield ind1=" " ind2=" " tag="019"><subfield code="a">Konvertierte Aufnahme MfK/PTT</subfield><subfield code="5">IDSBB/B429/2011</subfield></datafield><datafield ind1=" " ind2=" " tag="020"><subfield code="a">087942074X</subfield><subfield code="q">paperbound</subfield></datafield><datafield ind1=" " ind2=" " tag="020"><subfield code="a">0879420731</subfield><subfield code="q">clothbound</subfield></datafield><datafield ind1=" " ind2=" " tag="035"><subfield code="a">(swissbib)234346027-41slsp_network</subfield></datafield><datafield ind1=" " ind2=" " tag="035"><subfield code="a">234346027</subfield><subfield code="9">ExL</subfield></datafield><datafield ind1=" " ind2=" " tag="035"><subfield code="a">(RERO)R259050060-41slsp</subfield></datafield><datafield ind1=" " ind2=" " tag="035"><subfield code="a">(IDSBB)005872544DSV01</subfield></datafield><datafield ind1=" " ind2=" " tag="035"><subfield code="a">(NEBIS)000087685EBI01</subfield></datafield><datafield ind1=" " ind2=" " tag="035"><subfield code="a">(EXLNZ-41SLSP_NETWORK)991035871079705501</subfield></datafield><datafield ind1=" " ind2=" " tag="040"><subfield code="a">RERO neusmi</subfield><subfield code="d">CH-ZuSLS</subfield></datafield><datafield ind1=" " ind2="7" tag="072"><subfield code="a">py</subfield><subfield code="2">rero</subfield></datafield><datafield ind1="1" ind2=" " tag="100"><subfield code="a">Jayant, S.</subfield></datafield><datafield ind1="1" ind2="0" tag="245"><subfield code="a">Waveform quantization and coding</subfield><subfield code="c">ed. by Nuggehally S. Jayant</subfield></datafield><datafield ind1=" " ind2="1" tag="264"><subfield code="a">New York</subfield><subfield code="b">IEEE Press</subfield><subfield code="c">1976</subfield></datafield><datafield ind1=" " ind2=" " tag="300"><subfield code="a">VII, 611 p.</subfield><subfield code="b">ill.,fig., graph., tables, bibl</subfield><subfield code="c">29 cm</subfield></datafield><datafield ind1=" " ind2=" " tag="336"><subfield code="b">txt</subfield><subfield code="2">rdacontent</subfield></datafield><datafield ind1=" " ind2=" " tag="337"><subfield code="b">n</subfield><subfield code="2">rdamedia</subfield></datafield><datafield ind1=" " ind2=" " tag="338"><subfield code="b">nc</subfield><subfield code="2">rdacarrier</subfield></datafield><datafield ind1="1" ind2=" " tag="490"><subfield code="a">IEEE Press selected reprint series</subfield></datafield><datafield ind1=" " ind2=" " tag="504"><subfield code="a">Bibliogr.: p. 544-603</subfield></datafield><datafield ind1=" " ind2="7" tag="650"><subfield code="a">SIGNALVERZERRUNG (NACHRICHTENTECHNIK)</subfield><subfield code="9">ger</subfield><subfield code="0">(ETHUDK)000028767</subfield><subfield code="2">ethudk</subfield></datafield><datafield ind1=" " ind2="7" tag="650"><subfield code="a">SIGNALÜBERTRAGUNG + DATENKOMMUNIKATION (NACHRICHTENTECHNIK)</subfield><subfield code="9">ger</subfield><subfield code="0">(ETHUDK)000028739</subfield><subfield code="2">ethudk</subfield></datafield><datafield ind1=" " ind2="7" tag="650"><subfield code="a">WELLENLEITER (ELEKTRISCHE SCHWINGUNGSTECHNIK)</subfield><subfield code="9">ger</subfield><subfield code="0">(ETHUDK)000028548</subfield><subfield code="2">ethudk</subfield></datafield><datafield ind1="1" ind2=" " tag="700"><subfield code="a">Jayant, Nuggehally S.</subfield><subfield code="d">1946-....</subfield><subfield code="0">(IDREF)12700338X</subfield></datafield><datafield ind1="2" ind2=" " tag="710"><subfield code="a">Institute of Electrical and Electronics Engineers</subfield><subfield code="0">(DE-588)1692-5</subfield></datafield><datafield ind1=" " ind2="0" tag="830"><subfield code="a">IEEE Press selected reprint series</subfield><subfield code="w">(RERO)0955593-41slsp</subfield></datafield><datafield ind1=" " ind2=" " tag="900"><subfield code="a">REROnoselfmerge</subfield></datafield></record>
</metadata></record>