<record><header><identifier>oai:alma.41SLSP_UGE:991000788769705502</identifier><datestamp>2023-11-25T01:30:23Z</datestamp><setSpec>uge_bcen_RapidILL_BOOK</setSpec><setSpec>uge_aaca_RapidILL_BOOK</setSpec><setSpec>uge_abels_RapidILL_BOOK</setSpec><setSpec>uge_dbu_RapidILL_BOOK</setSpec><setSpec>uge_cmu_RapidILL_BOOK</setSpec><setSpec>uge_mail_RapidILL_BOOK</setSpec><setSpec>uge_abbat_RapidILL_BOOK</setSpec><setSpec>UNIGE_ALL</setSpec><setSpec>uge_aobs_RapidILL_BOOK</setSpec><setSpec>uge_acar_RapidILL_BOOK</setSpec></header><metadata>
<record xmlns="http://www.loc.gov/MARC21/slim" xmlns:xsi="http://www.w3.org/2001/XMLSchema-instance" xsi:schemaLocation="http://www.loc.gov/MARC21/slim http://www.loc.gov/standards/marcxml/schema/MARC21slim.xsd"><leader>01615nam a2200373 c 4500</leader><controlfield tag="001">991000788769705502</controlfield><controlfield tag="005">20230327191718.0</controlfield><controlfield tag="008">201011s1976    fr ||||| |||| 00| ||fre d</controlfield><datafield ind1=" " ind2=" " tag="020"><subfield code="a">9264215352</subfield></datafield><datafield ind1=" " ind2=" " tag="035"><subfield code="a">(swissbib)211828572-41slsp_network</subfield></datafield><datafield ind1=" " ind2=" " tag="035"><subfield code="a">211828572</subfield><subfield code="9">ExL</subfield></datafield><datafield ind1=" " ind2=" " tag="035"><subfield code="a">(RERO)0121754-41slsp</subfield></datafield><datafield ind1=" " ind2=" " tag="035"><subfield code="a">(NEBIS)004669642EBI01</subfield></datafield><datafield ind1=" " ind2=" " tag="035"><subfield code="a">(IDSBB)000598768DSV01</subfield></datafield><datafield ind1=" " ind2=" " tag="035"><subfield code="a">(ALEX)bv9925817588201791</subfield></datafield><datafield ind1=" " ind2=" " tag="035"><subfield code="a">(EXLNZ-41SLSP_NETWORK)991070603269705501</subfield></datafield><datafield ind1=" " ind2=" " tag="040"><subfield code="a">RERO</subfield><subfield code="d">CH-ZuSLS</subfield></datafield><datafield ind1=" " ind2="7" tag="072"><subfield code="a">pe</subfield><subfield code="2">rero</subfield></datafield><datafield ind1=" " ind2="7" tag="072"><subfield code="a">pa</subfield><subfield code="2">SzZuIDS BS/BE</subfield></datafield><datafield ind1="1" ind2="4" tag="082"><subfield code="a">370</subfield><subfield code="2">15</subfield></datafield><datafield ind1="1" ind2=" " tag="100"><subfield code="a">Stake, Robert E.</subfield><subfield code="0">(RERO)A003857037</subfield><subfield code="4">cre</subfield></datafield><datafield ind1="1" ind2="0" tag="245"><subfield code="a">&lt;&lt;L'&gt;&gt;évaluation des programmes d'enseignement</subfield><subfield code="b">nécessité et réactions</subfield><subfield code="c">documents établis par Robert E. Stake ; Centre pour la recherche et l'innovation dans l'enseignement [éd.]</subfield></datafield><datafield ind1=" " ind2="1" tag="264"><subfield code="a">Paris</subfield><subfield code="b">Organisation de coopération et de développement économiques</subfield><subfield code="c">1976</subfield></datafield><datafield ind1=" " ind2=" " tag="300"><subfield code="a">101 p.</subfield><subfield code="c">24 cm</subfield></datafield><datafield ind1=" " ind2=" " tag="336"><subfield code="b">txt</subfield><subfield code="2">rdacontent</subfield></datafield><datafield ind1=" " ind2=" " tag="337"><subfield code="b">n</subfield><subfield code="2">rdamedia</subfield></datafield><datafield ind1=" " ind2=" " tag="338"><subfield code="b">nc</subfield><subfield code="2">rdacarrier</subfield></datafield><datafield ind1=" " ind2=" " tag="500"><subfield code="a">En tête de la page de titre: Centre pour la Recherche et l'Innovation dans l'Enseignement (CERI)</subfield></datafield><datafield ind1=" " ind2=" " tag="500"><subfield code="a">Am Kopf der Titelseite: Centre pour la recherche et l'innovation dans l'enseignement (CERI)</subfield></datafield><datafield ind1=" " ind2=" " tag="500"><subfield code="a">Engl. Ausg.: Evaluating educational programmes</subfield></datafield><datafield ind1=" " ind2=" " tag="504"><subfield code="a">Bibliogr.: p. 97-101</subfield></datafield><datafield ind1=" " ind2="7" tag="650"><subfield code="a">Enseignement</subfield><subfield code="0">(IDREF)027264998</subfield><subfield code="2">idref</subfield></datafield><datafield ind1=" " ind2="7" tag="650"><subfield code="a">programme d'études - évaluation</subfield><subfield code="0">(RERO)A010136398</subfield><subfield code="2">rerovoc</subfield></datafield><datafield ind1="2" ind2=" " tag="710"><subfield code="a">Centre for Educational Research and Innovation</subfield><subfield code="0">(DE-588)2041804-8</subfield></datafield><datafield ind1="2" ind2=" " tag="710"><subfield code="a">Centre pour la recherche et l'innovation dans l'enseignement (Paris)</subfield><subfield code="0">(RERO)A000032780</subfield></datafield><datafield ind1=" " ind2=" " tag="900"><subfield code="a">REROnoselfmerge</subfield></datafield></record>
</metadata></record>