<record><header><identifier>oai:alma.41SLSP_UGE:991000788459705502</identifier><datestamp>2023-03-01T01:10:08Z</datestamp><setSpec>uge_bcen_RapidILL_BOOK</setSpec><setSpec>uge_aaca_RapidILL_BOOK</setSpec><setSpec>uge_abels_RapidILL_BOOK</setSpec><setSpec>uge_dbu_RapidILL_BOOK</setSpec><setSpec>uge_cmu_RapidILL_BOOK</setSpec><setSpec>uge_mail_RapidILL_BOOK</setSpec><setSpec>UNIGE_ALL</setSpec><setSpec>uge_abbat_RapidILL_BOOK</setSpec><setSpec>uge_aobs_RapidILL_BOOK</setSpec><setSpec>uge_acar_RapidILL_BOOK</setSpec></header><metadata>
<record xmlns="http://www.loc.gov/MARC21/slim" xmlns:xsi="http://www.w3.org/2001/XMLSchema-instance" xsi:schemaLocation="http://www.loc.gov/MARC21/slim http://www.loc.gov/standards/marcxml/schema/MARC21slim.xsd"><leader>02118nam a22003732c 4500</leader><controlfield tag="001">991000788459705502</controlfield><controlfield tag="005">20201227171812.0</controlfield><controlfield tag="008">181213s2017    cc ||||| |||| 00| ||chi d</controlfield><datafield ind1=" " ind2=" " tag="020"><subfield code="a">7550309779</subfield></datafield><datafield ind1=" " ind2=" " tag="020"><subfield code="a">9787550309777</subfield></datafield><datafield ind1=" " ind2=" " tag="035"><subfield code="a">(swissbib)125347693-41slsp_network</subfield></datafield><datafield ind1=" " ind2=" " tag="035"><subfield code="a">125347693</subfield><subfield code="9">ExL</subfield></datafield><datafield ind1=" " ind2=" " tag="035"><subfield code="a">(RERO)R008877602-41slsp</subfield></datafield><datafield ind1=" " ind2=" " tag="035"><subfield code="a">(EXLNZ-41SLSP_NETWORK)991093777749705501</subfield></datafield><datafield ind1=" " ind2=" " tag="040"><subfield code="a">CNPIT</subfield><subfield code="b">eng</subfield><subfield code="e">rda</subfield><subfield code="d">CH-ZuSLS</subfield></datafield><datafield ind1=" " ind2="7" tag="072"><subfield code="a">or</subfield><subfield code="2">rero</subfield></datafield><datafield ind1="1" ind2=" " tag="100"><subfield code="6">880-01</subfield><subfield code="a">Fu, Shaoxian</subfield><subfield code="d">1950-</subfield><subfield code="0">(RERO)A027737054</subfield><subfield code="4">cre</subfield></datafield><datafield ind1="1" ind2=" " tag="880"><subfield code="6">100-01/$1</subfield><subfield code="a">傅绍贤</subfield><subfield code="d">1950-</subfield></datafield><datafield ind1="1" ind2="0" tag="245"><subfield code="6">880-02</subfield><subfield code="a">Xu Beihong yan jiu bu xu</subfield><subfield code="c">Fu Shaoxian zhu</subfield></datafield><datafield ind1="1" ind2="0" tag="880"><subfield code="6">245-02/$1</subfield><subfield code="a">徐悲鸿研究补续</subfield><subfield code="c">傅绍贤著</subfield></datafield><datafield ind1=" " ind2=" " tag="250"><subfield code="6">880-03</subfield><subfield code="a">Di 1 ban.</subfield></datafield><datafield ind1=" " ind2=" " tag="880"><subfield code="6">250-03/$1</subfield><subfield code="a">第 1 版</subfield></datafield><datafield ind1=" " ind2="1" tag="264"><subfield code="6">880-04</subfield><subfield code="a">Hangzhou</subfield><subfield code="b">Zhongguo mei shu xue yuan chu ban she</subfield><subfield code="c">2017</subfield></datafield><datafield ind1=" " ind2="1" tag="880"><subfield code="6">264-04/$1</subfield><subfield code="a">杭州</subfield><subfield code="b">中国美术学院出版社</subfield><subfield code="c">2017</subfield></datafield><datafield ind1=" " ind2=" " tag="300"><subfield code="a">185 pages, 2 unnumbered pages of plates</subfield><subfield code="b">illustrations, music, facsimiles</subfield><subfield code="c">26 cm</subfield></datafield><datafield ind1=" " ind2=" " tag="336"><subfield code="b">txt</subfield><subfield code="2">rdacontent</subfield></datafield><datafield ind1=" " ind2=" " tag="337"><subfield code="b">n</subfield><subfield code="2">rdamedia</subfield></datafield><datafield ind1=" " ind2=" " tag="338"><subfield code="b">nc</subfield><subfield code="2">rdacarrier</subfield></datafield><datafield ind1="0" ind2=" " tag="490"><subfield code="6">880-05</subfield><subfield code="a">Cangnan xue shu wen ku</subfield></datafield><datafield ind1="0" ind2=" " tag="880"><subfield code="6">490-05/$1</subfield><subfield code="a">苍南学术文库</subfield></datafield><datafield ind1=" " ind2=" " tag="504"><subfield code="a">Includes bibliographical references (pages 179-182)</subfield></datafield><datafield ind1="8" ind2=" " tag="520"><subfield code="a">本书主要包括与友人对相关议题的交流记录, 诗赋往来, 围绕徐悲鸿先生的进行的周边研究资料, 相关的研讨会的文献等. 主要内容包括: 徐悲鸿的妻子 ; 不同题材的预言画等</subfield></datafield><datafield ind1="1" ind2="0" tag="600"><subfield code="a">Xu, Beihong</subfield><subfield code="d">1895-1953</subfield><subfield code="x">Criticism and interpretation</subfield></datafield><datafield ind1=" " ind2=" " tag="900"><subfield code="a">REROnoselfmerge</subfield></datafield><datafield ind1=" " ind2=" " tag="910"><subfield code="a">LOC</subfield><subfield code="b">20181213</subfield><subfield code="c">Réutilisation sous conditions</subfield></datafield></record>
</metadata></record>