<record><header><identifier>oai:alma.41SLSP_UGE:991000767639705502</identifier><datestamp>2023-03-01T01:10:09Z</datestamp><setSpec>uge_bcen_RapidILL_BOOK</setSpec><setSpec>uge_aaca_RapidILL_BOOK</setSpec><setSpec>uge_abels_RapidILL_BOOK</setSpec><setSpec>uge_dbu_RapidILL_BOOK</setSpec><setSpec>uge_cmu_RapidILL_BOOK</setSpec><setSpec>uge_mail_RapidILL_BOOK</setSpec><setSpec>UNIGE_ALL</setSpec><setSpec>uge_abbat_RapidILL_BOOK</setSpec><setSpec>uge_aobs_RapidILL_BOOK</setSpec><setSpec>uge_acar_RapidILL_BOOK</setSpec></header><metadata>
<record xmlns="http://www.loc.gov/MARC21/slim" xmlns:xsi="http://www.w3.org/2001/XMLSchema-instance" xsi:schemaLocation="http://www.loc.gov/MARC21/slim http://www.loc.gov/standards/marcxml/schema/MARC21slim.xsd"><leader>02062nam a2200457 c 4500</leader><controlfield tag="001">991000767639705502</controlfield><controlfield tag="005">20201126033546.0</controlfield><controlfield tag="008">201012t19871987gw ||||| |||| 10| ||eng d</controlfield><datafield ind1=" " ind2=" " tag="020"><subfield code="a">3540183647</subfield><subfield code="q">Berlin</subfield></datafield><datafield ind1=" " ind2=" " tag="020"><subfield code="a">0387183647</subfield><subfield code="q">New York</subfield></datafield><datafield ind1=" " ind2=" " tag="035"><subfield code="a">(swissbib)239409590-41slsp_network</subfield></datafield><datafield ind1=" " ind2=" " tag="035"><subfield code="a">239409590</subfield><subfield code="9">ExL</subfield></datafield><datafield ind1=" " ind2=" " tag="035"><subfield code="a">(RERO)1012998-41slsp</subfield></datafield><datafield ind1=" " ind2=" " tag="035"><subfield code="a">(NEBIS)000539938EBI01</subfield></datafield><datafield ind1=" " ind2=" " tag="035"><subfield code="a">(IDSBB)005030886DSV01</subfield></datafield><datafield ind1=" " ind2=" " tag="035"><subfield code="a">(EXLNZ-41SLSP_NETWORK)991140300119705501</subfield></datafield><datafield ind1=" " ind2=" " tag="040"><subfield code="a">RERO geussp</subfield><subfield code="d">CH-ZuSLS</subfield></datafield><datafield ind1=" " ind2="7" tag="072"><subfield code="a">py</subfield><subfield code="2">rero</subfield></datafield><datafield ind1=" " ind2="7" tag="072"><subfield code="a">ma</subfield><subfield code="2">rero</subfield></datafield><datafield ind1=" " ind2=" " tag="084"><subfield code="a">SK 950</subfield><subfield code="2">rvk</subfield></datafield><datafield ind1="0" ind2="0" tag="245"><subfield code="a">Complex chemical reaction systems</subfield><subfield code="b">mathematical modelling and simulation : proceedings of the Second Workshop, Heidelberg, Fed. Rep. of Germany, August 11-15, 1986</subfield><subfield code="c">J. Warnatz and W. Jäger</subfield></datafield><datafield ind1=" " ind2="1" tag="264"><subfield code="a">Berlin</subfield><subfield code="a">Heidelberg [etc.]</subfield><subfield code="b">Springer</subfield><subfield code="c">[1987]</subfield></datafield><datafield ind1=" " ind2="4" tag="264"><subfield code="c">© 1987</subfield></datafield><datafield ind1=" " ind2=" " tag="300"><subfield code="a">XIII, 409 p.</subfield><subfield code="b">ill.</subfield><subfield code="c">24 cm</subfield></datafield><datafield ind1=" " ind2=" " tag="336"><subfield code="b">txt</subfield><subfield code="2">rdacontent</subfield></datafield><datafield ind1=" " ind2=" " tag="337"><subfield code="b">n</subfield><subfield code="2">rdamedia</subfield></datafield><datafield ind1=" " ind2=" " tag="338"><subfield code="b">nc</subfield><subfield code="2">rdacarrier</subfield></datafield><datafield ind1="1" ind2=" " tag="490"><subfield code="a">Springer series in chemical physics</subfield><subfield code="v">vol. 47</subfield></datafield><datafield ind1=" " ind2=" " tag="500"><subfield code="a">Congrès de physique. Heidelberg. 1986</subfield></datafield><datafield ind1=" " ind2=" " tag="500"><subfield code="a">Nom du congrès: Second Workshop on Modelling of Chemical Reaction Systems</subfield></datafield><datafield ind1=" " ind2=" " tag="504"><subfield code="a">Bibliogr</subfield></datafield><datafield ind1=" " ind2="7" tag="650"><subfield code="a">CHEMISCHE MODELLE (THEORETISCHE CHEMIE)</subfield><subfield code="9">ger</subfield><subfield code="0">(ETHUDK)000015905</subfield><subfield code="2">ethudk</subfield></datafield><datafield ind1=" " ind2="7" tag="650"><subfield code="a">REAKTIONSMECHANISMEN + REAKTIVITÄT (CHEMISCHE KINETIK)</subfield><subfield code="9">ger</subfield><subfield code="0">(ETHUDK)000015965</subfield><subfield code="2">ethudk</subfield></datafield><datafield ind1=" " ind2="7" tag="655"><subfield code="a">Konferenzschrift</subfield><subfield code="z">Heidelberg</subfield><subfield code="y">1986/08</subfield><subfield code="2">gnd-content</subfield></datafield><datafield ind1=" " ind2="7" tag="655"><subfield code="a">Konferenzschrift</subfield><subfield code="z">Heidelberg</subfield><subfield code="y">1986</subfield><subfield code="2">gnd-content</subfield></datafield><datafield ind1="1" ind2=" " tag="700"><subfield code="a">Warnatz, Jürgen</subfield><subfield code="d">1944-....</subfield><subfield code="0">(IDREF)033245754</subfield></datafield><datafield ind1="2" ind2=" " tag="711"><subfield code="a">Workshop on Modelling of Chemical Reaction Systems</subfield><subfield code="0">(DE-588)622844-6</subfield></datafield><datafield ind1="2" ind2=" " tag="711"><subfield code="a">Workshop on Modelling of Chemical Reaction Systems</subfield><subfield code="n">2</subfield><subfield code="d">1986</subfield><subfield code="c">Heidelberg</subfield><subfield code="0">(RERO)A012503853</subfield><subfield code="6">880-03</subfield></datafield><datafield ind1="2" ind2=" " tag="880"><subfield code="a">Workshop on Modelling of Chemical Reaction Systems</subfield><subfield code="n">2</subfield><subfield code="d">1986</subfield><subfield code="c">Heidelberg</subfield><subfield code="0">(DE-588)5138773-6</subfield><subfield code="6">711-03</subfield></datafield><datafield ind1=" " ind2=" " tag="830"><subfield code="a">Springer series in chemical physics</subfield><subfield code="v">47</subfield><subfield code="w">(RERO)0681415-41slsp</subfield></datafield><datafield ind1=" " ind2=" " tag="830"><subfield code="a">Springer series in chemical physics</subfield><subfield code="v">47</subfield><subfield code="w">(IDSBB)000031729DSV01</subfield></datafield><datafield ind1=" " ind2=" " tag="900"><subfield code="a">REROnoselfmerge</subfield></datafield></record>
</metadata></record>