<record><header><identifier>oai:alma.41SLSP_UGE:991000768469705502</identifier><datestamp>2023-06-20T00:24:49Z</datestamp><setSpec>uge_bcen_RapidILL_BOOK</setSpec><setSpec>uge_aaca_RapidILL_BOOK</setSpec><setSpec>uge_abels_RapidILL_BOOK</setSpec><setSpec>uge_dbu_RapidILL_BOOK</setSpec><setSpec>uge_cmu_RapidILL_BOOK</setSpec><setSpec>uge_mail_RapidILL_BOOK</setSpec><setSpec>uge_abbat_RapidILL_BOOK</setSpec><setSpec>UNIGE_ALL</setSpec><setSpec>uge_acar_RapidILL_BOOK</setSpec><setSpec>uge_aobs_RapidILL_BOOK</setSpec></header><metadata>
<record xmlns="http://www.loc.gov/MARC21/slim" xmlns:xsi="http://www.w3.org/2001/XMLSchema-instance" xsi:schemaLocation="http://www.loc.gov/MARC21/slim http://www.loc.gov/standards/marcxml/schema/MARC21slim.xsd"><leader>06856nam a2200961 c 4500</leader><controlfield tag="001">991000768469705502</controlfield><controlfield tag="005">20230619204136.0</controlfield><controlfield tag="008">201011s2018    xxkab    b    001 0 eng|d</controlfield><datafield ind1=" " ind2=" " tag="010"><subfield code="a">2018439728</subfield></datafield><datafield ind1=" " ind2=" " tag="015"><subfield code="a">GBB8L4485</subfield><subfield code="2">bnb</subfield></datafield><datafield ind1="7" ind2=" " tag="016"><subfield code="a">019132811</subfield><subfield code="2">Uk</subfield></datafield><datafield ind1=" " ind2=" " tag="020"><subfield code="a">9781789690330</subfield><subfield code="q">pbk.</subfield><subfield code="c">40.00 GBP</subfield></datafield><datafield ind1=" " ind2=" " tag="020"><subfield code="z">9781789690347</subfield><subfield code="q">e-Pdf</subfield></datafield><datafield ind1=" " ind2=" " tag="020"><subfield code="a">1789690331</subfield><subfield code="q">pbk.</subfield></datafield><datafield ind1=" " ind2=" " tag="035"><subfield code="a">(swissbib)22810226X-41slsp_network</subfield></datafield><datafield ind1=" " ind2=" " tag="035"><subfield code="a">22810226X</subfield><subfield code="9">ExL</subfield></datafield><datafield ind1=" " ind2=" " tag="035"><subfield code="a">(IDSLU)001373480ILU01</subfield></datafield><datafield ind1=" " ind2=" " tag="035"><subfield code="a">(NEBIS)011394907EBI01</subfield></datafield><datafield ind1=" " ind2=" " tag="035"><subfield code="a">(RERO)R009060870-41slsp</subfield></datafield><datafield ind1=" " ind2=" " tag="035"><subfield code="a">(OCoLC)1061309678</subfield></datafield><datafield ind1=" " ind2=" " tag="035"><subfield code="a">(EXLNZ-41SLSP_NETWORK)991098007359705501</subfield></datafield><datafield ind1=" " ind2=" " tag="040"><subfield code="a">YDX</subfield><subfield code="b">ger</subfield><subfield code="e">rda</subfield><subfield code="d">CH-ZuSLS</subfield></datafield><datafield ind1=" " ind2=" " tag="043"><subfield code="a">f-et---</subfield><subfield code="a">f-ke---</subfield></datafield><datafield ind1=" " ind2="4" tag="050"><subfield code="a">GN650.5.E8</subfield><subfield code="b">R58 2018</subfield></datafield><datafield ind1=" " ind2="7" tag="072"><subfield code="a">250</subfield><subfield code="2">IDS LU</subfield></datafield><datafield ind1=" " ind2="7" tag="072"><subfield code="a">ar</subfield><subfield code="2">rero</subfield></datafield><datafield ind1="0" ind2="4" tag="082"><subfield code="a">963.3</subfield><subfield code="2">23</subfield></datafield><datafield ind1="1" ind2="4" tag="082"><subfield code="a">390</subfield><subfield code="2">15</subfield></datafield><datafield ind1=" " ind2=" " tag="084"><subfield code="a">LB 24518</subfield><subfield code="2">rvk</subfield></datafield><datafield ind1=" " ind2=" " tag="084"><subfield code="a">LB 24546</subfield><subfield code="2">rvk</subfield></datafield><datafield ind1=" " ind2=" " tag="084"><subfield code="a">LB 40518</subfield><subfield code="2">rvk</subfield></datafield><datafield ind1=" " ind2=" " tag="084"><subfield code="a">LB 40546</subfield><subfield code="2">rvk</subfield></datafield><datafield ind1=" " ind2=" " tag="084"><subfield code="a">LC 22518</subfield><subfield code="2">rvk</subfield></datafield><datafield ind1=" " ind2=" " tag="084"><subfield code="a">LC 22546</subfield><subfield code="2">rvk</subfield></datafield><datafield ind1="0" ind2="0" tag="245"><subfield code="a">&lt;&lt;The&gt;&gt; river: peoples and histories of the Omo-Turkana area</subfield><subfield code="c">edited by Timothy Clack and Marcus Brittain</subfield></datafield><datafield ind1=" " ind2="1" tag="264"><subfield code="a">Oxford</subfield><subfield code="b">Archaeopress Publishing Ltd</subfield><subfield code="c">[2018]</subfield></datafield><datafield ind1=" " ind2="4" tag="264"><subfield code="c">© 2018</subfield></datafield><datafield ind1=" " ind2=" " tag="300"><subfield code="a">x, 184 pages</subfield><subfield code="b">illustrations (chiefly color), color maps</subfield><subfield code="c">22 cm</subfield></datafield><datafield ind1=" " ind2=" " tag="336"><subfield code="b">txt</subfield><subfield code="2">rdacontent</subfield></datafield><datafield ind1=" " ind2=" " tag="337"><subfield code="b">n</subfield><subfield code="2">rdamedia</subfield></datafield><datafield ind1=" " ind2=" " tag="338"><subfield code="b">nc</subfield><subfield code="2">rdacarrier</subfield></datafield><datafield ind1=" " ind2=" " tag="504"><subfield code="a">Includes bibliographical references and index</subfield></datafield><datafield ind1="0" ind2=" " tag="505"><subfield code="a">Foreword / Anthony, Lord St. John of Bletso -- Introduction -- Part 1: Prehistoric life and environment. 1. Hominins and first humans in the Lower Omo Valley / Alex Wilshaw and Marta Mirazon Lahr -- 2. Early prehistory of fauna and environment in Mursiland / Michelle Drapeau -- 3. The Middle Stone Age of the Omo Delta-Turkana Basin / Huw Groucutt -- 4. The later prehistory of the Turkana Basin / Alex Wilshaw and Marta Mirazon Lahr -- Part 2: Pastoral pasts -- entering history. 5. Environment histories -- the last 2,000 years / Graciela Gil-Romera and Miguel Sevilla-Callejo -- 6. Archaeology of pastoralism and monumentality in the Omo Valley / by Marcus Brittain and Timothy Clack -- 7. Global artefacts: the pastoral past in museums / Juan Salazar Bonet and Timothy Clack -- Part 3: Pastoral presents -- The Mursi. 8. Who are the Mursi? / David Turton and Lugulointheno Jordomo -- 9. Colour, metaphor and persons / Jean-Baptiste Eczet -- 10. Clay, cosmology and healing / Kate Fayers-Kerr -- 11. Nomadic traditions of cattle beautification: the Mursi example / Timothy Insoll and Timothy Clack -- 12. Material culture / Juan Salazar Bonet -- 13. Lip plates / Shauna LaTosky -- 14. Identity ceremony: the duel / Tamas Regi -- 15. Local economics: cattle and crops / Demerew Danye and Anastasia Novichkhina -- Part 4: Exceptional diversity -- Omo cultures. 16. Omo autonomies: on populations, tribes, and ethnicity / Felix Girke -- 17. Linguistic diversity / Shiferaw Assefa and Marcus Brittain -- 18. Sacrifice and stone platforms in Bodi / Lucie Buffavand and Timothy Clack -- 19. The Hamar: living by, for and with the cattle / Jerome Dubosson -- 20. The Suri / Jon Abbink -- 21. Kwegu: hunters of the river / Lucie Buffavand -- Part 5: Finding the Omo -- threats and impacts. 22. Written past: explorers' histories / Marco Bassi -- 23. Last chance to see? Intangible heritage and responsible tourism / Tamas Regi and Timothy Clack -- 24. 'sOur poverty will be gone': hope for a Mursi community conservation area / Will Hurd -- 25. From marginalization to megadam crisis: the Dasanech and their northern Turkana neighbours / Claudia Carr -- Index</subfield></datafield><datafield ind1="8" ind2=" " tag="520"><subfield code="a">&quot;The Omo-Turkana area is unlike any place on earth. Spanning parts of Ethiopia, South Sudan and Kenya, the area is today home to a unique diversity of peoples and cultures. Extraordinary fossil finds from the locale have illuminated the evolutionary origins of our species and archaeological and historical evidence has demonstrated it has been a dynamic crossroads of peoples, languages and identities for millennia. Over the past two decades, development interventions have transformed the environment and presented a threat to local forms of material and intangible heritage. Many local groups now face challenges to the long-term sustainability of their traditional ways of life. This sumptuously illustrated book brings together a remarkable collection of the world's leading archaeologists, ecologists, historians and ethnographers who specialise in the locale. Recognising the Omo-Turkana area as a crucial resource of global heritage, the authors also acknowledge its current vulnerability.&quot;--Page 4 of cover</subfield></datafield><datafield ind1=" " ind2="7" tag="648"><subfield code="a">Geschichte</subfield><subfield code="2">gnd</subfield></datafield><datafield ind1=" " ind2="7" tag="650"><subfield code="a">Dasenech</subfield><subfield code="0">(DE-588)4666107-4</subfield><subfield code="2">gnd</subfield></datafield><datafield ind1=" " ind2="7" tag="650"><subfield code="a">Nyangatom</subfield><subfield code="0">(DE-588)4686089-7</subfield><subfield code="2">gnd</subfield></datafield><datafield ind1=" " ind2="7" tag="650"><subfield code="a">Turkana</subfield><subfield code="0">(DE-588)4078472-1</subfield><subfield code="2">gnd</subfield></datafield><datafield ind1=" " ind2="7" tag="650"><subfield code="a">Ethnische Gruppe</subfield><subfield code="0">(DE-588)4153095-0</subfield><subfield code="2">gnd</subfield></datafield><datafield ind1=" " ind2="7" tag="650"><subfield code="a">Hamar</subfield><subfield code="g">Volk</subfield><subfield code="0">(DE-588)4023112-4</subfield><subfield code="2">gnd</subfield></datafield><datafield ind1=" " ind2="7" tag="650"><subfield code="a">Kultur</subfield><subfield code="0">(DE-588)4125698-0</subfield><subfield code="2">gnd</subfield></datafield><datafield ind1=" " ind2="7" tag="650"><subfield code="a">Mursi</subfield><subfield code="g">Volk</subfield><subfield code="0">(DE-588)4520994-7</subfield><subfield code="2">gnd</subfield></datafield><datafield ind1=" " ind2="7" tag="650"><subfield code="a">Manners and customs</subfield><subfield code="2">fast</subfield></datafield><datafield ind1=" " ind2="7" tag="650"><subfield code="a">Histoire</subfield><subfield code="0">(IDREF)02726470X</subfield><subfield code="2">idref</subfield></datafield><datafield ind1=" " ind2="7" tag="650"><subfield code="a">Moeurs et coutumes</subfield><subfield code="0">(IDREF)027239640</subfield><subfield code="2">idref</subfield></datafield><datafield ind1=" " ind2="7" tag="650"><subfield code="a">Archéologie</subfield><subfield code="0">(IDREF)02726971X</subfield><subfield code="2">idref</subfield></datafield><datafield ind1=" " ind2="7" tag="650"><subfield code="a">Culture matérielle</subfield><subfield code="0">(IDREF)027730794</subfield><subfield code="2">idref</subfield></datafield><datafield ind1=" " ind2="7" tag="651"><subfield code="a">Kenia</subfield><subfield code="z">Nord</subfield><subfield code="0">(DE-588)4123499-6</subfield><subfield code="2">gnd</subfield></datafield><datafield ind1=" " ind2="7" tag="651"><subfield code="a">Staat Südsudan</subfield><subfield code="0">(DE-588)7755222-2</subfield><subfield code="2">gnd</subfield></datafield><datafield ind1=" " ind2="7" tag="651"><subfield code="a">Omotal</subfield><subfield code="0">(DE-588)4102082-0</subfield><subfield code="2">gnd</subfield></datafield><datafield ind1=" " ind2="7" tag="651"><subfield code="a">Turkanasee-Gebiet</subfield><subfield code="0">(DE-588)4061252-1</subfield><subfield code="2">gnd</subfield></datafield><datafield ind1=" " ind2="0" tag="651"><subfield code="a">Omo River (Ethiopia and Kenya)</subfield><subfield code="x">History</subfield></datafield><datafield ind1=" " ind2="0" tag="651"><subfield code="a">Turkana, Lake (Kenya and Ethiopia)</subfield><subfield code="x">History</subfield></datafield><datafield ind1=" " ind2="0" tag="651"><subfield code="a">Omo River (Ethiopia and Kenya)</subfield><subfield code="x">Social life and customs</subfield><subfield code="v">Pictorial works</subfield></datafield><datafield ind1=" " ind2="0" tag="651"><subfield code="a">Turkana, Lake (Kenya and Ethiopia)</subfield><subfield code="x">Social life and customs</subfield><subfield code="v">Pictorial works</subfield></datafield><datafield ind1=" " ind2="7" tag="651"><subfield code="a">Sudan</subfield><subfield code="z">Süd</subfield><subfield code="0">(DE-588)4058462-8</subfield><subfield code="2">gnd</subfield></datafield><datafield ind1=" " ind2="7" tag="651"><subfield code="a">Africa</subfield><subfield code="z">Lake Turkana</subfield><subfield code="2">fast</subfield></datafield><datafield ind1=" " ind2="7" tag="651"><subfield code="a">Africa</subfield><subfield code="z">Omo River</subfield><subfield code="2">fast</subfield></datafield><datafield ind1=" " ind2="7" tag="651"><subfield code="a">Turkana, Lac (Kenya ; région)</subfield><subfield code="0">(IDREF)151270627</subfield><subfield code="2">idref</subfield></datafield><datafield ind1=" " ind2="7" tag="651"><subfield code="a">Omo (Ethiopie, bassin)</subfield><subfield code="0">(RERO)A010125618</subfield><subfield code="2">rero</subfield></datafield><datafield ind1=" " ind2="7" tag="651"><subfield code="a">Omo (Éthiopie ; cours d 'eau)</subfield><subfield code="0">(IDREF)02902739X</subfield><subfield code="2">idref</subfield></datafield><datafield ind1=" " ind2="7" tag="655"><subfield code="a">Bildband</subfield><subfield code="2">gnd-content</subfield></datafield><datafield ind1=" " ind2="7" tag="655"><subfield code="a">Aufsatzsammlung</subfield><subfield code="2">gnd-content</subfield></datafield><datafield ind1=" " ind2="7" tag="655"><subfield code="a">Essays</subfield><subfield code="2">fast</subfield></datafield><datafield ind1=" " ind2="7" tag="655"><subfield code="a">History</subfield><subfield code="2">fast</subfield></datafield><datafield ind1=" " ind2="7" tag="655"><subfield code="a">Pictorial works</subfield><subfield code="2">fast</subfield></datafield><datafield ind1=" " ind2="7" tag="655"><subfield code="a">Essays</subfield><subfield code="2">lcgft</subfield></datafield><datafield ind1=" " ind2="7" tag="655"><subfield code="a">[Études diverses]</subfield><subfield code="0">(RERO)A022249905</subfield><subfield code="2">rero</subfield></datafield><datafield ind1="1" ind2=" " tag="700"><subfield code="a">Brittain, Marcus</subfield><subfield code="4">edt</subfield></datafield><datafield ind1="1" ind2=" " tag="700"><subfield code="a">Clack, Timothy A. R</subfield><subfield code="0">(RERO)A016397368</subfield><subfield code="4">edt</subfield></datafield><datafield ind1="1" ind2=" " tag="700"><subfield code="a">Clack, Timothy</subfield><subfield code="0">(DE-588)173989691</subfield><subfield code="4">edt</subfield></datafield><datafield ind1="4" ind2=" " tag="856"><subfield code="3">Titelblatt und Inhaltsverzeichnis</subfield><subfield code="u">https://toc.library.ethz.ch/objects/pdf03/z01_978-1-78969-033-0_01.pdf</subfield><subfield code="q">pdf</subfield></datafield><datafield ind1=" " ind2=" " tag="900"><subfield code="a">IDSZ2zbzmon201906f</subfield><subfield code="c">IDSZ2spie</subfield><subfield code="d">IDSZ2zbzswk201906b</subfield><subfield code="e">IDSZ2lomb</subfield></datafield><datafield ind1=" " ind2=" " tag="949"><subfield code="a">https://toc.library.ethz.ch/objects/pdf03/z01_978-1-78969-033-0_01.pdf</subfield></datafield></record>
</metadata></record>