<record><header><identifier>oai:alma.41SLSP_UGE:991000768479705502</identifier><datestamp>2023-03-01T01:10:09Z</datestamp><setSpec>UNIGE_ALL</setSpec></header><metadata>
<record xmlns="http://www.loc.gov/MARC21/slim" xmlns:xsi="http://www.w3.org/2001/XMLSchema-instance" xsi:schemaLocation="http://www.loc.gov/MARC21/slim http://www.loc.gov/standards/marcxml/schema/MARC21slim.xsd"><leader>01094njm a22003257c 4500</leader><controlfield tag="001">991000768479705502</controlfield><controlfield tag="005">20210207113043.0</controlfield><controlfield tag="007">sd f||g|||||||</controlfield><controlfield tag="008">110122s2001    xx ||n |            ita d</controlfield><datafield ind1="0" ind2="2" tag="028"><subfield code="a">Tactus TC 701304</subfield></datafield><datafield ind1=" " ind2=" " tag="035"><subfield code="a">(swissbib)113595964-41slsp_network</subfield></datafield><datafield ind1=" " ind2=" " tag="035"><subfield code="a">113595964</subfield><subfield code="9">ExL</subfield></datafield><datafield ind1=" " ind2=" " tag="035"><subfield code="a">(RERO)R006025479-41slsp</subfield></datafield><datafield ind1=" " ind2=" " tag="035"><subfield code="a">(EXLNZ-41SLSP_NETWORK)991056963169705501</subfield></datafield><datafield ind1=" " ind2=" " tag="040"><subfield code="a">RERO geulmu</subfield><subfield code="d">CH-ZuSLS</subfield></datafield><datafield ind1="0" ind2=" " tag="041"><subfield code="a">ita</subfield><subfield code="a">eng</subfield></datafield><datafield ind1=" " ind2="7" tag="072"><subfield code="a">mu</subfield><subfield code="2">rero</subfield></datafield><datafield ind1="1" ind2=" " tag="100"><subfield code="a">Martini, Giovanni Battista</subfield><subfield code="d">1706-1784</subfield><subfield code="0">(IDREF)055806554</subfield><subfield code="4">cre</subfield></datafield><datafield ind1="1" ind2="0" tag="245"><subfield code="a">Sei Sonate per l'organo e il cembalo</subfield><subfield code="c">Padre Giovanni Battista Martini</subfield></datafield><datafield ind1=" " ind2="1" tag="264"><subfield code="a">[Lieu de publication non identifié]</subfield><subfield code="b">[éditeur non identifié]</subfield><subfield code="c">2001</subfield></datafield><datafield ind1=" " ind2=" " tag="300"><subfield code="a">1 disque compact</subfield></datafield><datafield ind1=" " ind2=" " tag="336"><subfield code="b">prm</subfield><subfield code="2">rdacontent</subfield></datafield><datafield ind1=" " ind2=" " tag="337"><subfield code="b">s</subfield><subfield code="2">rdamedia</subfield></datafield><datafield ind1=" " ind2=" " tag="338"><subfield code="b">sd</subfield><subfield code="2">rdacarrier</subfield></datafield><datafield ind1=" " ind2=" " tag="500"><subfield code="a">Durée: 57 min. 10 sec.</subfield></datafield><datafield ind1=" " ind2=" " tag="500"><subfield code="a">Enregistrement: 2000</subfield></datafield><datafield ind1=" " ind2=" " tag="500"><subfield code="a">Formation: clavecin ; orgue</subfield></datafield><datafield ind1=" " ind2=" " tag="500"><subfield code="a">Premier enregistrement mondial</subfield></datafield><datafield ind1="0" ind2=" " tag="505"><subfield code="a">[Sonates. Sei sonate per l'organo e il cembalo]</subfield></datafield><datafield ind1="1" ind2=" " tag="700"><subfield code="a">Tenerani, Ottaviano</subfield><subfield code="d">19..-....</subfield><subfield code="0">(IDREF)158303938</subfield></datafield><datafield ind1=" " ind2=" " tag="900"><subfield code="a">REROnoselfmerge</subfield></datafield><datafield ind1=" " ind2=" " tag="960"><subfield code="2">matmu</subfield><subfield code="a">Italie ; XVIIIe ; Pré-classicisme</subfield><subfield code="9">LOCAL</subfield></datafield></record>
</metadata></record>