<record><header><identifier>oai:alma.41SLSP_UGE:991000768269705502</identifier><datestamp>2023-03-01T01:10:09Z</datestamp><setSpec>uge_bcen_RapidILL_BOOK</setSpec><setSpec>uge_aaca_RapidILL_BOOK</setSpec><setSpec>uge_abels_RapidILL_BOOK</setSpec><setSpec>uge_dbu_RapidILL_BOOK</setSpec><setSpec>uge_cmu_RapidILL_BOOK</setSpec><setSpec>uge_mail_RapidILL_BOOK</setSpec><setSpec>UNIGE_ALL</setSpec><setSpec>uge_abbat_RapidILL_BOOK</setSpec><setSpec>uge_aobs_RapidILL_BOOK</setSpec><setSpec>uge_acar_RapidILL_BOOK</setSpec></header><metadata>
<record xmlns="http://www.loc.gov/MARC21/slim" xmlns:xsi="http://www.w3.org/2001/XMLSchema-instance" xsi:schemaLocation="http://www.loc.gov/MARC21/slim http://www.loc.gov/standards/marcxml/schema/MARC21slim.xsd"><leader>00833nam a2200253 c 4500</leader><controlfield tag="001">991000768269705502</controlfield><controlfield tag="005">20201227135949.0</controlfield><controlfield tag="008">000923s1978    fr ||||| |||| 00| ||fre d</controlfield><datafield ind1=" " ind2=" " tag="035"><subfield code="a">(swissbib)095876200-41slsp_network</subfield></datafield><datafield ind1=" " ind2=" " tag="035"><subfield code="a">095876200</subfield><subfield code="9">ExL</subfield></datafield><datafield ind1=" " ind2=" " tag="035"><subfield code="a">(RERO)R272217860-41slsp</subfield></datafield><datafield ind1=" " ind2=" " tag="035"><subfield code="a">(EXLNZ-41SLSP_NETWORK)991014669379705501</subfield></datafield><datafield ind1=" " ind2=" " tag="040"><subfield code="a">RERO geulcf</subfield><subfield code="d">CH-ZuSLS</subfield></datafield><datafield ind1=" " ind2="7" tag="072"><subfield code="a">fr</subfield><subfield code="2">rero</subfield></datafield><datafield ind1="1" ind2=" " tag="100"><subfield code="a">Maupassant, Guy de</subfield><subfield code="d">1850-1893</subfield><subfield code="0">(IDREF)027018466</subfield><subfield code="4">cre</subfield></datafield><datafield ind1="1" ind2="0" tag="245"><subfield code="a">Miss Harriet</subfield><subfield code="c">Guy de Maupassant ; éd. présentée par Dominique Fernandez</subfield></datafield><datafield ind1=" " ind2="1" tag="264"><subfield code="a">[Paris]</subfield><subfield code="b">Gallimard</subfield><subfield code="c">1978</subfield></datafield><datafield ind1=" " ind2=" " tag="300"><subfield code="a">276 p.</subfield><subfield code="c">18 cm</subfield></datafield><datafield ind1=" " ind2=" " tag="336"><subfield code="b">txt</subfield><subfield code="2">rdacontent</subfield></datafield><datafield ind1=" " ind2=" " tag="337"><subfield code="b">n</subfield><subfield code="2">rdamedia</subfield></datafield><datafield ind1=" " ind2=" " tag="338"><subfield code="b">nc</subfield><subfield code="2">rdacarrier</subfield></datafield><datafield ind1="1" ind2=" " tag="490"><subfield code="a">Folio</subfield><subfield code="v">1036</subfield></datafield><datafield ind1="1" ind2=" " tag="700"><subfield code="a">Fernandez, Dominique</subfield><subfield code="d">1929-....</subfield><subfield code="0">(IDREF)026862204</subfield></datafield><datafield ind1=" " ind2=" " tag="830"><subfield code="a">Folio</subfield><subfield code="p">Gallimard</subfield><subfield code="v">1036</subfield><subfield code="w">(RERO)0337698-41slsp</subfield></datafield><datafield ind1=" " ind2=" " tag="900"><subfield code="a">REROnoselfmerge</subfield></datafield></record>
</metadata></record>