<record><header><identifier>oai:alma.41SLSP_UGE:991000784129705502</identifier><datestamp>2023-03-06T01:09:36Z</datestamp><setSpec>uge_bcen_RapidILL_BOOK</setSpec><setSpec>uge_aaca_RapidILL_BOOK</setSpec><setSpec>uge_abels_RapidILL_BOOK</setSpec><setSpec>uge_dbu_RapidILL_BOOK</setSpec><setSpec>uge_cmu_RapidILL_BOOK</setSpec><setSpec>uge_mail_RapidILL_BOOK</setSpec><setSpec>uge_abbat_RapidILL_BOOK</setSpec><setSpec>UNIGE_ALL</setSpec><setSpec>uge_aobs_RapidILL_BOOK</setSpec><setSpec>uge_acar_RapidILL_BOOK</setSpec></header><metadata>
<record xmlns="http://www.loc.gov/MARC21/slim" xmlns:xsi="http://www.w3.org/2001/XMLSchema-instance" xsi:schemaLocation="http://www.loc.gov/MARC21/slim http://www.loc.gov/standards/marcxml/schema/MARC21slim.xsd"><leader>01420nam a2200301 c 4500</leader><controlfield tag="001">991000784129705502</controlfield><controlfield tag="005">20230305090154.0</controlfield><controlfield tag="008">191025s2019    be            00| | fre d</controlfield><datafield ind1=" " ind2=" " tag="020"><subfield code="a">9782872932023</subfield></datafield><datafield ind1=" " ind2=" " tag="035"><subfield code="a">(swissbib)126051631-41slsp_network</subfield></datafield><datafield ind1=" " ind2=" " tag="035"><subfield code="a">126051631</subfield><subfield code="9">ExL</subfield></datafield><datafield ind1=" " ind2=" " tag="035"><subfield code="a">(RERO)R008979691-41slsp</subfield></datafield><datafield ind1=" " ind2=" " tag="035"><subfield code="a">(EXLNZ-41SLSP_NETWORK)991095055619705501</subfield></datafield><datafield ind1=" " ind2=" " tag="040"><subfield code="a">RERO geufpe</subfield><subfield code="d">CH-ZuSLS</subfield></datafield><datafield ind1=" " ind2="7" tag="072"><subfield code="a">ps</subfield><subfield code="2">rero</subfield></datafield><datafield ind1="1" ind2=" " tag="100"><subfield code="a">Gardette, Philippe</subfield><subfield code="4">aut</subfield></datafield><datafield ind1="1" ind2="0" tag="245"><subfield code="a">&lt;&lt;Le&gt;&gt; renforcement du moi en hypnose</subfield><subfield code="b">aspects théoriques et pratiques</subfield><subfield code="c">Philippe Gardette</subfield></datafield><datafield ind1=" " ind2="1" tag="264"><subfield code="a">Bruxelles</subfield><subfield code="b">Satas</subfield><subfield code="c">2019</subfield></datafield><datafield ind1=" " ind2=" " tag="300"><subfield code="a">219 p.</subfield></datafield><datafield ind1=" " ind2=" " tag="336"><subfield code="b">txt</subfield><subfield code="2">rdacontent</subfield></datafield><datafield ind1=" " ind2=" " tag="337"><subfield code="b">n</subfield><subfield code="2">rdamedia</subfield></datafield><datafield ind1=" " ind2=" " tag="338"><subfield code="b">nc</subfield><subfield code="2">rdacarrier</subfield></datafield><datafield ind1="8" ind2=" " tag="520"><subfield code="a">Le moi défaillant concerne les personnes incapables de vivre dans leur milieu et dans la représentation qu'elles ont de la place qu'elles imaginent occuper dans celui-ci. Elles se trouvent dès lors dans une situation de blocage, que le renforcement du moi permet de remettre en mouvement. L'auteur propose 49 protocoles pour accompagner les hypnothérapeutes dans ce travail avec leurs patients. (Electre)</subfield><subfield code="5">RERO/gehets-/01.2020</subfield></datafield><datafield ind1=" " ind2="7" tag="650"><subfield code="a">Hypnose</subfield><subfield code="0">(IDREF)027234096</subfield><subfield code="2">idref</subfield></datafield><datafield ind1=" " ind2="7" tag="650"><subfield code="a">Hypnothérapie</subfield><subfield code="0">(IDREF)027458296</subfield><subfield code="2">idref</subfield></datafield><datafield ind1=" " ind2="7" tag="650"><subfield code="a">Moi</subfield><subfield code="0">(IDREF)027239667</subfield><subfield code="2">idref</subfield></datafield><datafield ind1=" " ind2="7" tag="650"><subfield code="a">Réalisation de soi</subfield><subfield code="0">(IDREF)02780481X</subfield><subfield code="2">idref</subfield></datafield><datafield ind1=" " ind2="7" tag="650"><subfield code="a">Développement de la personnalité</subfield><subfield code="0">(IDREF)028616499</subfield><subfield code="2">idref</subfield></datafield><datafield ind1=" " ind2=" " tag="900"><subfield code="a">REROnoselfmerge</subfield></datafield></record>
</metadata></record>