<record><header><identifier>oai:alma.41SLSP_UGE:991000784229705502</identifier><datestamp>2024-03-09T01:21:47Z</datestamp><setSpec>uge_bcen_RapidILL_BOOK</setSpec><setSpec>uge_aaca_RapidILL_BOOK</setSpec><setSpec>uge_abels_RapidILL_BOOK</setSpec><setSpec>uge_dbu_RapidILL_BOOK</setSpec><setSpec>uge_cmu_RapidILL_BOOK</setSpec><setSpec>uge_mail_RapidILL_BOOK</setSpec><setSpec>uge_abbat_RapidILL_BOOK</setSpec><setSpec>UNIGE_ALL</setSpec><setSpec>uge_acar_RapidILL_BOOK</setSpec><setSpec>uge_aobs_RapidILL_BOOK</setSpec></header><metadata>
<record xmlns="http://www.loc.gov/MARC21/slim" xmlns:xsi="http://www.w3.org/2001/XMLSchema-instance" xsi:schemaLocation="http://www.loc.gov/MARC21/slim http://www.loc.gov/standards/marcxml/schema/MARC21slim.xsd"><leader>01733nam a22004452c 4500</leader><controlfield tag="001">991000784229705502</controlfield><controlfield tag="005">20240308224750.0</controlfield><controlfield tag="008">201012s1978    gw       |||| 000 0 ger|d</controlfield><datafield ind1=" " ind2=" " tag="015"><subfield code="a">780368908</subfield><subfield code="2">dnb</subfield></datafield><datafield ind1=" " ind2=" " tag="020"><subfield code="a">3518078399</subfield></datafield><datafield ind1=" " ind2=" " tag="020"><subfield code="a">9783518078396</subfield></datafield><datafield ind1=" " ind2=" " tag="035"><subfield code="a">(swissbib)239521811-41slsp_network</subfield></datafield><datafield ind1=" " ind2=" " tag="035"><subfield code="a">239521811</subfield><subfield code="9">ExL</subfield></datafield><datafield ind1=" " ind2=" " tag="035"><subfield code="a">(NEBIS)003228262EBI01</subfield></datafield><datafield ind1=" " ind2=" " tag="035"><subfield code="a">(RERO)R006016154-41slsp</subfield></datafield><datafield ind1=" " ind2=" " tag="035"><subfield code="a">(OCoLC)7601204</subfield></datafield><datafield ind1=" " ind2=" " tag="035"><subfield code="a">(ABN)000489635ABN01</subfield></datafield><datafield ind1=" " ind2=" " tag="035"><subfield code="a">(EXLNZ-41SLSP_NETWORK)991014244279705501</subfield></datafield><datafield ind1=" " ind2=" " tag="040"><subfield code="a">LUU</subfield><subfield code="d">CH-ZuSLS</subfield></datafield><datafield ind1=" " ind2=" " tag="050"><subfield code="a">ML197</subfield><subfield code="b">.A3x 1978</subfield></datafield><datafield ind1=" " ind2="7" tag="072"><subfield code="a">mu</subfield><subfield code="2">rero</subfield></datafield><datafield ind1="1" ind2=" " tag="100"><subfield code="6">880-01</subfield><subfield code="a">Adorno, Theodor Wiesengrund</subfield><subfield code="c">philosophe</subfield><subfield code="d">1903-1969</subfield><subfield code="0">(IDREF)026678047</subfield><subfield code="4">cre</subfield></datafield><datafield ind1="1" ind2=" " tag="880"><subfield code="a">Adorno, Theodor W.</subfield><subfield code="d">1903-1969</subfield><subfield code="0">(DE-588)118500775</subfield><subfield code="6">100-01</subfield></datafield><datafield ind1="1" ind2="0" tag="245"><subfield code="a">Philosophie der neuen Musik</subfield><subfield code="c">Theodor W. Adorno ; [hrsg. von Rolf Tiedemann]</subfield></datafield><datafield ind1=" " ind2=" " tag="250"><subfield code="a">1. Aufl.</subfield></datafield><datafield ind1=" " ind2="1" tag="264"><subfield code="a">Frankfurt am Main</subfield><subfield code="b">Suhrkamp</subfield><subfield code="c">1978</subfield></datafield><datafield ind1=" " ind2=" " tag="300"><subfield code="a">200 p.</subfield></datafield><datafield ind1=" " ind2=" " tag="336"><subfield code="b">txt</subfield><subfield code="2">rdacontent</subfield></datafield><datafield ind1=" " ind2=" " tag="337"><subfield code="b">n</subfield><subfield code="2">rdamedia</subfield></datafield><datafield ind1=" " ind2=" " tag="338"><subfield code="b">nc</subfield><subfield code="2">rdacarrier</subfield></datafield><datafield ind1="1" ind2=" " tag="490"><subfield code="a">Suhrkamp-Taschenbuch Wissenschaft</subfield><subfield code="v">239</subfield></datafield><datafield ind1=" " ind2=" " tag="500"><subfield code="a">&quot;Text und seitenidentisch mit der als Band 12 der Gesammelten Schriften Adornos erschienenen durchgesehenen Ausgabe. Der dart beigegebene Anhang ist in diese Ausgabe nicht aufgenommen worden.&quot;</subfield></datafield><datafield ind1="1" ind2="0" tag="600"><subfield code="a">Schoenberg, Arnold</subfield><subfield code="d">1874-1951</subfield></datafield><datafield ind1="1" ind2="0" tag="600"><subfield code="a">Stravinsky, Igor</subfield><subfield code="d">1882-1971</subfield></datafield><datafield ind1=" " ind2="0" tag="650"><subfield code="a">Music</subfield><subfield code="y">20th century</subfield><subfield code="x">History and criticism</subfield></datafield><datafield ind1=" " ind2="7" tag="650"><subfield code="a">Musikphilosophie</subfield><subfield code="0">(DE-588)4123809-6</subfield><subfield code="2">gnd</subfield></datafield><datafield ind1=" " ind2=" " tag="690"><subfield code="a">18.22</subfield><subfield code="d">Kritische Theorie</subfield><subfield code="2">uzb-VA</subfield></datafield><datafield ind1="1" ind2=" " tag="700"><subfield code="a">Tiedemann, Rolf</subfield><subfield code="d">1932-2018</subfield><subfield code="0">(DE-588)124131573</subfield></datafield><datafield ind1=" " ind2="0" tag="830"><subfield code="a">Suhrkamp-Taschenbuch Wissenschaft</subfield><subfield code="v">239</subfield><subfield code="w">(NEBIS)000999082EBI01</subfield></datafield><datafield ind1=" " ind2=" " tag="900"><subfield code="a">IDSZRMedeaZBZ</subfield></datafield><datafield ind1=" " ind2=" " tag="911"><subfield code="a">100</subfield><subfield code="a">Adorno, Theodor W</subfield><subfield code="d">1903-1969</subfield></datafield></record>
</metadata></record>