<record><header><identifier>oai:alma.41SLSP_UGE:991000784239705502</identifier><datestamp>2023-03-31T00:25:17Z</datestamp><setSpec>uge_bcen_RapidILL_BOOK</setSpec><setSpec>uge_aaca_RapidILL_BOOK</setSpec><setSpec>uge_abels_RapidILL_BOOK</setSpec><setSpec>uge_dbu_RapidILL_BOOK</setSpec><setSpec>uge_cmu_RapidILL_BOOK</setSpec><setSpec>uge_mail_RapidILL_BOOK</setSpec><setSpec>uge_abbat_RapidILL_BOOK</setSpec><setSpec>UNIGE_ALL</setSpec><setSpec>uge_aobs_RapidILL_BOOK</setSpec><setSpec>uge_acar_RapidILL_BOOK</setSpec></header><metadata>
<record xmlns="http://www.loc.gov/MARC21/slim" xmlns:xsi="http://www.w3.org/2001/XMLSchema-instance" xsi:schemaLocation="http://www.loc.gov/MARC21/slim http://www.loc.gov/standards/marcxml/schema/MARC21slim.xsd"><leader>03551nam a2200805 c 4500</leader><controlfield tag="001">991000784239705502</controlfield><controlfield tag="005">20230330223344.0</controlfield><controlfield tag="008">201011s1990    ne ||||| |||| 10| ||ger d</controlfield><datafield ind1=" " ind2=" " tag="020"><subfield code="a">9027245398</subfield></datafield><datafield ind1=" " ind2=" " tag="035"><subfield code="a">(swissbib)215040686-41slsp_network</subfield></datafield><datafield ind1=" " ind2=" " tag="035"><subfield code="a">215040686</subfield><subfield code="9">ExL</subfield></datafield><datafield ind1=" " ind2=" " tag="035"><subfield code="a">(RERO)1449229-41slsp</subfield></datafield><datafield ind1=" " ind2=" " tag="035"><subfield code="a">(NEBIS)001170428EBI01</subfield></datafield><datafield ind1=" " ind2=" " tag="035"><subfield code="a">(IDSBB)000618516DSV01</subfield></datafield><datafield ind1=" " ind2=" " tag="035"><subfield code="a">(EXLNZ-41SLSP_NETWORK)991061571939705501</subfield></datafield><datafield ind1=" " ind2=" " tag="040"><subfield code="a">RERO geulal</subfield><subfield code="d">CH-ZuSLS</subfield></datafield><datafield ind1="0" ind2=" " tag="041"><subfield code="a">ger</subfield><subfield code="a">eng</subfield></datafield><datafield ind1=" " ind2=" " tag="044"><subfield code="a">ne</subfield><subfield code="a">xxu</subfield></datafield><datafield ind1=" " ind2="7" tag="072"><subfield code="a">al</subfield><subfield code="2">rero</subfield></datafield><datafield ind1=" " ind2="7" tag="072"><subfield code="a">lg</subfield><subfield code="2">rero</subfield></datafield><datafield ind1=" " ind2="7" tag="072"><subfield code="a">da</subfield><subfield code="2">SzZuIDS BS/BE</subfield></datafield><datafield ind1="0" ind2="0" tag="082"><subfield code="a">430/.92/2</subfield><subfield code="2">20</subfield></datafield><datafield ind1="0" ind2="0" tag="082"><subfield code="a">430'.92'2</subfield></datafield><datafield ind1="0" ind2="4" tag="082"><subfield code="a">430 .92 2</subfield><subfield code="2">20</subfield></datafield><datafield ind1="0" ind2="4" tag="082"><subfield code="a">430</subfield><subfield code="b">A635g</subfield></datafield><datafield ind1=" " ind2=" " tag="084"><subfield code="a">GB 2705</subfield><subfield code="2">rvk</subfield></datafield><datafield ind1=" " ind2=" " tag="084"><subfield code="a">GB 2708</subfield><subfield code="2">rvk</subfield></datafield><datafield ind1="0" ind2="0" tag="245"><subfield code="a">&lt;&lt;The&gt;&gt; Grimm brothers and the Germanic past</subfield><subfield code="c">ed. by Elmer H. Antonsen with James W. Marchand and Ladislav Zgusta</subfield></datafield><datafield ind1=" " ind2="1" tag="264"><subfield code="a">Amsterdam</subfield><subfield code="a">Philadelphia</subfield><subfield code="b">J. Benjamins</subfield><subfield code="c">1990</subfield></datafield><datafield ind1=" " ind2=" " tag="300"><subfield code="a">162 p.</subfield><subfield code="b">ill.</subfield><subfield code="c">23 cm</subfield></datafield><datafield ind1=" " ind2=" " tag="336"><subfield code="b">txt</subfield><subfield code="2">rdacontent</subfield></datafield><datafield ind1=" " ind2=" " tag="337"><subfield code="b">n</subfield><subfield code="2">rdamedia</subfield></datafield><datafield ind1=" " ind2=" " tag="338"><subfield code="b">nc</subfield><subfield code="2">rdacarrier</subfield></datafield><datafield ind1="1" ind2=" " tag="490"><subfield code="a">Amsterdam studies in the theory and history of linguistic science. Series 3, Studies in the history of the language sciences</subfield><subfield code="v">vol. 54</subfield></datafield><datafield ind1=" " ind2=" " tag="500"><subfield code="a">Rev. version of papers from the International Bicentenary Symposium on the Brothers Grimm, held Apr. 10-12, 1986, at the University of Illinois at Urbana-Champaign</subfield></datafield><datafield ind1=" " ind2=" " tag="504"><subfield code="a">Literaturverz.</subfield></datafield><datafield ind1="0" ind2="7" tag="600"><subfield code="a">Grimm</subfield><subfield code="c">(frères)</subfield><subfield code="0">(RERO)A009970488</subfield><subfield code="2">rero</subfield></datafield><datafield ind1="1" ind2="7" tag="600"><subfield code="a">Grimm, Jacob</subfield><subfield code="2">idszbz</subfield></datafield><datafield ind1="1" ind2="7" tag="600"><subfield code="a">Grimm, Wilhelm</subfield><subfield code="2">idszbz</subfield></datafield><datafield ind1="1" ind2="7" tag="600"><subfield code="a">Grimm, Jacob</subfield><subfield code="d">1785-1863</subfield><subfield code="0">(DE-588)118542257</subfield><subfield code="2">gnd</subfield></datafield><datafield ind1="1" ind2="7" tag="600"><subfield code="a">Grimm, Wilhelm</subfield><subfield code="d">1786-1859</subfield><subfield code="0">(DE-588)118542265</subfield><subfield code="2">gnd</subfield></datafield><datafield ind1="1" ind2="0" tag="600"><subfield code="a">Grimm, Jacob</subfield></datafield><datafield ind1="1" ind2="0" tag="600"><subfield code="a">Grimm, Jacob</subfield><subfield code="d">1785-1863</subfield><subfield code="v">Congresses</subfield></datafield><datafield ind1="1" ind2="0" tag="600"><subfield code="a">Grimm, Jacob</subfield><subfield code="d">1785-1863</subfield><subfield code="x">Congresses</subfield></datafield><datafield ind1="1" ind2="0" tag="600"><subfield code="a">Grimm, Wilhelm</subfield></datafield><datafield ind1="1" ind2="0" tag="600"><subfield code="a">Grimm, Wilhelm</subfield><subfield code="d">1786-1859</subfield><subfield code="v">Congresses</subfield></datafield><datafield ind1="1" ind2="0" tag="600"><subfield code="a">Grimm, Wilhelm</subfield><subfield code="d">1786-1859</subfield><subfield code="x">Congresses</subfield></datafield><datafield ind1="0" ind2="7" tag="600"><subfield code="a">Grimm</subfield><subfield code="c">Brüder</subfield><subfield code="2">idsbb</subfield></datafield><datafield ind1=" " ind2="7" tag="648"><subfield code="a">Geschichte 1812-1862</subfield><subfield code="2">gnd</subfield></datafield><datafield ind1=" " ind2="7" tag="650"><subfield code="a">Philologie allemande</subfield><subfield code="0">(IDREF)028372360</subfield><subfield code="2">idref</subfield></datafield><datafield ind1=" " ind2="7" tag="650"><subfield code="a">Altgermanistik</subfield><subfield code="0">(DE-588)4142065-2</subfield><subfield code="2">gnd</subfield></datafield><datafield ind1=" " ind2="7" tag="650"><subfield code="a">Germanistik</subfield><subfield code="0">(DE-588)4020383-9</subfield><subfield code="2">gnd</subfield></datafield><datafield ind1=" " ind2="7" tag="650"><subfield code="a">Kongress</subfield><subfield code="0">(DE-588)4130470-6</subfield><subfield code="2">gnd</subfield></datafield><datafield ind1=" " ind2="0" tag="650"><subfield code="a">Germanic philology</subfield><subfield code="v">Congresses</subfield></datafield><datafield ind1=" " ind2="0" tag="650"><subfield code="a">Germanic philology</subfield><subfield code="x">Congresses</subfield></datafield><datafield ind1=" " ind2="0" tag="650"><subfield code="a">German philology</subfield><subfield code="v">Congresses</subfield></datafield><datafield ind1=" " ind2="0" tag="650"><subfield code="a">German philology</subfield><subfield code="x">Congresses</subfield></datafield><datafield ind1=" " ind2="0" tag="650"><subfield code="a">Philologists</subfield><subfield code="z">Germany</subfield><subfield code="v">Biography</subfield><subfield code="v">Congresses</subfield></datafield><datafield ind1=" " ind2="0" tag="650"><subfield code="a">Philologists</subfield><subfield code="z">Germany</subfield><subfield code="v">Biography</subfield><subfield code="x">Congresses</subfield></datafield><datafield ind1=" " ind2="0" tag="650"><subfield code="a">Philologists</subfield><subfield code="z">Germany</subfield><subfield code="x">Biography Congresses</subfield></datafield><datafield ind1=" " ind2="7" tag="655"><subfield code="a">Aufsatzsammlung</subfield><subfield code="2">idszbz</subfield></datafield><datafield ind1=" " ind2="7" tag="655"><subfield code="a">Konferenzschrift</subfield><subfield code="z">Urbana (IL)</subfield><subfield code="y">1986</subfield><subfield code="2">gnd-content</subfield></datafield><datafield ind1="1" ind2=" " tag="700"><subfield code="a">Marchand, James Woodrow</subfield></datafield><datafield ind1="1" ind2=" " tag="700"><subfield code="a">Zgusta, Ladislav</subfield></datafield><datafield ind1="1" ind2=" " tag="700"><subfield code="a">Antonsen, Elmer H.</subfield><subfield code="0">(IDREF)028439899</subfield></datafield><datafield ind1="2" ind2=" " tag="711"><subfield code="a">International Bicentenary Symposium on the Brothers Grimm</subfield><subfield code="d">1986</subfield><subfield code="c">Urbana, Ill.</subfield><subfield code="0">(DE-588)5014855-2</subfield></datafield><datafield ind1="2" ind2=" " tag="711"><subfield code="a">International Bicentenary Symposium on the Brothers Grimm</subfield><subfield code="d">1986</subfield><subfield code="c">Urbana</subfield><subfield code="0">(RERO)A012394256</subfield></datafield><datafield ind1=" " ind2=" " tag="830"><subfield code="a">Amsterdam studies in the theory and history of linguistic science</subfield><subfield code="p">Series 3, Studies in the history of linguistics</subfield><subfield code="v">54</subfield><subfield code="w">(IDSBB)000018496DSV01</subfield></datafield><datafield ind1=" " ind2=" " tag="830"><subfield code="a">Amsterdam Studies in the Theory and History of Linguistic Science</subfield><subfield code="p">Series 3, Studies in the history of linguistics</subfield><subfield code="v">54</subfield><subfield code="w">(RERO)0108905-41slsp</subfield></datafield><datafield ind1=" " ind2=" " tag="830"><subfield code="a">Amsterdam studies in the theory and history of linguistic science</subfield><subfield code="n">Series 3</subfield><subfield code="p">Studies in the history of the language sciences</subfield><subfield code="v">54</subfield><subfield code="w">(NEBIS)000639752EBI01</subfield></datafield><datafield ind1=" " ind2=" " tag="900"><subfield code="a">REROnoselfmerge</subfield></datafield></record>
</metadata></record>