<record><header><identifier>oai:alma.41SLSP_UGE:991000784739705502</identifier><datestamp>2023-05-03T00:23:53Z</datestamp><setSpec>uge_bcen_RapidILL_BOOK</setSpec><setSpec>uge_aaca_RapidILL_BOOK</setSpec><setSpec>uge_abels_RapidILL_BOOK</setSpec><setSpec>uge_dbu_RapidILL_BOOK</setSpec><setSpec>uge_cmu_RapidILL_BOOK</setSpec><setSpec>uge_mail_RapidILL_BOOK</setSpec><setSpec>uge_abbat_RapidILL_BOOK</setSpec><setSpec>UNIGE_ALL</setSpec><setSpec>uge_aobs_RapidILL_BOOK</setSpec><setSpec>uge_acar_RapidILL_BOOK</setSpec></header><metadata>
<record xmlns="http://www.loc.gov/MARC21/slim" xmlns:xsi="http://www.w3.org/2001/XMLSchema-instance" xsi:schemaLocation="http://www.loc.gov/MARC21/slim http://www.loc.gov/standards/marcxml/schema/MARC21slim.xsd"><leader>01625nam a2200409 c 4500</leader><controlfield tag="001">991000784739705502</controlfield><controlfield tag="005">20230502194141.0</controlfield><controlfield tag="008">170124s2017    it ||||| |||| 01| ||ita d</controlfield><datafield ind1=" " ind2=" " tag="020"><subfield code="a">8867054074</subfield></datafield><datafield ind1=" " ind2=" " tag="020"><subfield code="a">9788867054077</subfield></datafield><datafield ind1=" " ind2=" " tag="035"><subfield code="a">(swissbib)123566975-41slsp_network</subfield></datafield><datafield ind1=" " ind2=" " tag="035"><subfield code="a">123566975</subfield><subfield code="9">ExL</subfield></datafield><datafield ind1=" " ind2=" " tag="035"><subfield code="a">(RERO)R008588119-41slsp</subfield></datafield><datafield ind1=" " ind2=" " tag="035"><subfield code="a">(EXLNZ-41SLSP_NETWORK)991018764479705501</subfield></datafield><datafield ind1=" " ind2=" " tag="040"><subfield code="a">C3L</subfield><subfield code="b">eng</subfield><subfield code="e">rda</subfield><subfield code="d">CH-ZuSLS</subfield></datafield><datafield ind1=" " ind2="4" tag="050"><subfield code="a">PQ</subfield></datafield><datafield ind1=" " ind2="7" tag="072"><subfield code="a">it</subfield><subfield code="2">rero</subfield></datafield><datafield ind1="1" ind2="4" tag="082"><subfield code="a">850</subfield><subfield code="2">14</subfield></datafield><datafield ind1="0" ind2="0" tag="245"><subfield code="a">&lt;&lt;Il&gt;&gt; testo e l'opera</subfield><subfield code="b">studi in ricordo di Franco Brioschi</subfield><subfield code="c">a cura di Laura Neri e Stefania Sini</subfield></datafield><datafield ind1=" " ind2="1" tag="264"><subfield code="a">Milano</subfield><subfield code="b">Ledizioni</subfield><subfield code="c">2017</subfield></datafield><datafield ind1=" " ind2=" " tag="300"><subfield code="a">608 pages</subfield><subfield code="c">21 cm</subfield></datafield><datafield ind1=" " ind2=" " tag="336"><subfield code="b">txt</subfield><subfield code="2">rdacontent</subfield></datafield><datafield ind1=" " ind2=" " tag="337"><subfield code="b">n</subfield><subfield code="2">rdamedia</subfield></datafield><datafield ind1=" " ind2=" " tag="338"><subfield code="b">nc</subfield><subfield code="2">rdacarrier</subfield></datafield><datafield ind1="1" ind2=" " tag="490"><subfield code="a">La ragione critica</subfield><subfield code="v">10</subfield></datafield><datafield ind1=" " ind2=" " tag="500"><subfield code="a">Collected essays</subfield></datafield><datafield ind1=" " ind2=" " tag="500"><subfield code="a">F. Brioschi (1945-2015)</subfield></datafield><datafield ind1=" " ind2=" " tag="500"><subfield code="a">La prima parte del libro, intitolata Teoria, filologia, filosofia, presenta lavori più inclini alla riflessione di taglio sincronico ; la seconda, intitolata Autori, generi, contesti, è a sua volta organizzata da un criterio diacronico</subfield></datafield><datafield ind1=" " ind2=" " tag="504"><subfield code="a">Includes bibliographical references and index</subfield></datafield><datafield ind1=" " ind2="7" tag="650"><subfield code="a">Littérature italienne</subfield><subfield code="0">(IDREF)027806480</subfield><subfield code="2">idref</subfield></datafield><datafield ind1=" " ind2="7" tag="650"><subfield code="a">13e siècle-20e siècle</subfield><subfield code="2">idref</subfield></datafield><datafield ind1=" " ind2="7" tag="655"><subfield code="a">Mélanges et hommages</subfield><subfield code="0">(IDREF)027414248</subfield><subfield code="2">idref</subfield></datafield><datafield ind1="1" ind2=" " tag="700"><subfield code="a">Brioschi, Franco</subfield><subfield code="0">(IDREF)028498577</subfield></datafield><datafield ind1="1" ind2=" " tag="700"><subfield code="a">Neri, Laura</subfield><subfield code="d">1965-....</subfield><subfield code="0">(IDREF)060617683</subfield></datafield><datafield ind1="1" ind2=" " tag="700"><subfield code="a">Sini, Stefania</subfield><subfield code="d">1967-....</subfield><subfield code="0">(IDREF)094208719</subfield></datafield><datafield ind1=" " ind2=" " tag="830"><subfield code="a">&lt;&lt;La&gt;&gt; ragione critica</subfield><subfield code="v">10</subfield><subfield code="w">(RERO)R007902370-41slsp</subfield></datafield><datafield ind1=" " ind2=" " tag="900"><subfield code="a">REROnoselfmerge</subfield></datafield><datafield ind1=" " ind2=" " tag="910"><subfield code="a">OCoLC</subfield><subfield code="b">20170124</subfield><subfield code="c">Droits réservés</subfield></datafield><datafield ind1=" " ind2=" " tag="993"><subfield code="a">BFLA 275997</subfield><subfield code="x">ge/ulit/a/17/117</subfield><subfield code="9">LOCAL</subfield></datafield></record>
</metadata></record>