<record><header><identifier>oai:alma.41SLSP_UGE:991000784219705502</identifier><datestamp>2023-03-29T00:16:01Z</datestamp><setSpec>uge_bcen_RapidILL_BOOK</setSpec><setSpec>uge_aaca_RapidILL_BOOK</setSpec><setSpec>uge_abels_RapidILL_BOOK</setSpec><setSpec>uge_dbu_RapidILL_BOOK</setSpec><setSpec>uge_cmu_RapidILL_BOOK</setSpec><setSpec>uge_mail_RapidILL_BOOK</setSpec><setSpec>uge_abbat_RapidILL_BOOK</setSpec><setSpec>UNIGE_ALL</setSpec><setSpec>uge_acar_RapidILL_BOOK</setSpec><setSpec>uge_aobs_RapidILL_BOOK</setSpec></header><metadata>
<record xmlns="http://www.loc.gov/MARC21/slim" xmlns:xsi="http://www.w3.org/2001/XMLSchema-instance" xsi:schemaLocation="http://www.loc.gov/MARC21/slim http://www.loc.gov/standards/marcxml/schema/MARC21slim.xsd"><leader>01703nam a2200457 c 4500</leader><controlfield tag="001">991000784219705502</controlfield><controlfield tag="005">20230328202252.0</controlfield><controlfield tag="008">170522s2017    xxu||||| |||| 00| ||eng d</controlfield><datafield ind1=" " ind2=" " tag="020"><subfield code="a">9781138945050</subfield><subfield code="q">paperback</subfield></datafield><datafield ind1=" " ind2=" " tag="020"><subfield code="a">9781138945043</subfield><subfield code="q">hardback</subfield></datafield><datafield ind1=" " ind2=" " tag="035"><subfield code="a">(swissbib)123880254-41slsp_network</subfield></datafield><datafield ind1=" " ind2=" " tag="035"><subfield code="a">123880254</subfield><subfield code="9">ExL</subfield></datafield><datafield ind1=" " ind2=" " tag="035"><subfield code="a">(RERO)R008655532-41slsp</subfield></datafield><datafield ind1=" " ind2=" " tag="035"><subfield code="a">(EXLNZ-41SLSP_NETWORK)991035239319705501</subfield></datafield><datafield ind1=" " ind2=" " tag="040"><subfield code="a">DLC</subfield><subfield code="b">eng</subfield><subfield code="e">rda</subfield><subfield code="d">CH-ZuSLS</subfield></datafield><datafield ind1=" " ind2="0" tag="050"><subfield code="a">HF1379</subfield><subfield code="b">.V36 2017</subfield></datafield><datafield ind1=" " ind2="7" tag="072"><subfield code="a">se</subfield><subfield code="2">rero</subfield></datafield><datafield ind1="0" ind2="0" tag="082"><subfield code="a">337</subfield><subfield code="2">23</subfield></datafield><datafield ind1="1" ind2=" " tag="100"><subfield code="a">Van den Berg, Hendrik</subfield><subfield code="d">1949-....</subfield><subfield code="0">(IDREF)082394377</subfield><subfield code="4">cre</subfield></datafield><datafield ind1="1" ind2="0" tag="245"><subfield code="a">International economics</subfield><subfield code="b">a heterodox approach</subfield><subfield code="c">Hendrik van den Berg</subfield></datafield><datafield ind1=" " ind2=" " tag="250"><subfield code="a">3rd edition.</subfield></datafield><datafield ind1=" " ind2="1" tag="264"><subfield code="a">New York</subfield><subfield code="b">Routledge</subfield><subfield code="c">2017</subfield></datafield><datafield ind1=" " ind2=" " tag="300"><subfield code="a">649 p.</subfield></datafield><datafield ind1=" " ind2=" " tag="336"><subfield code="b">txt</subfield><subfield code="2">rdacontent</subfield></datafield><datafield ind1=" " ind2=" " tag="337"><subfield code="b">n</subfield><subfield code="2">rdamedia</subfield></datafield><datafield ind1=" " ind2=" " tag="338"><subfield code="b">nc</subfield><subfield code="2">rdacarrier</subfield></datafield><datafield ind1=" " ind2=" " tag="504"><subfield code="a">Includes bibliographical references (pages 614-633) and indexes</subfield></datafield><datafield ind1=" " ind2="0" tag="650"><subfield code="a">Emigration and immigration</subfield></datafield><datafield ind1=" " ind2="0" tag="650"><subfield code="a">International economic relations</subfield></datafield><datafield ind1=" " ind2="0" tag="650"><subfield code="a">International finance</subfield></datafield><datafield ind1=" " ind2="0" tag="650"><subfield code="a">International trade</subfield></datafield><datafield ind1=" " ind2="0" tag="650"><subfield code="a">Investments, Foreign</subfield></datafield><datafield ind1=" " ind2="0" tag="650"><subfield code="a">Protectionism</subfield></datafield><datafield ind1=" " ind2="7" tag="650"><subfield code="a">Commerce international</subfield><subfield code="0">(IDREF)028359380</subfield><subfield code="2">idref</subfield></datafield><datafield ind1=" " ind2="7" tag="650"><subfield code="a">Investissements étrangers</subfield><subfield code="0">(IDREF)027234568</subfield><subfield code="2">idref</subfield></datafield><datafield ind1=" " ind2="7" tag="650"><subfield code="a">Finances internationales</subfield><subfield code="0">(IDREF)027467821</subfield><subfield code="2">idref</subfield></datafield><datafield ind1=" " ind2="7" tag="650"><subfield code="a">Système monétaire international</subfield><subfield code="0">(IDREF)027481425</subfield><subfield code="2">idref</subfield></datafield><datafield ind1=" " ind2="7" tag="650"><subfield code="a">Relations économiques internationales</subfield><subfield code="0">(IDREF)027323161</subfield><subfield code="2">idref</subfield></datafield><datafield ind1=" " ind2="7" tag="650"><subfield code="a">Émigration et immigration</subfield><subfield code="0">(IDREF)027233103</subfield><subfield code="2">idref</subfield></datafield><datafield ind1=" " ind2="7" tag="650"><subfield code="a">Économie de l'environnement</subfield><subfield code="0">(IDREF)050356461</subfield><subfield code="2">idref</subfield></datafield><datafield ind1=" " ind2=" " tag="900"><subfield code="a">REROnoselfmerge</subfield></datafield><datafield ind1=" " ind2=" " tag="910"><subfield code="a">LOC</subfield><subfield code="b">20170522</subfield><subfield code="c">Droits réservés</subfield></datafield></record>
</metadata></record>