<record><header><identifier>oai:alma.41SLSP_UGE:991000784329705502</identifier><datestamp>2023-04-13T00:11:45Z</datestamp><setSpec>uge_bcen_RapidILL_BOOK</setSpec><setSpec>uge_aaca_RapidILL_BOOK</setSpec><setSpec>uge_abels_RapidILL_BOOK</setSpec><setSpec>uge_dbu_RapidILL_BOOK</setSpec><setSpec>uge_cmu_RapidILL_BOOK</setSpec><setSpec>uge_mail_RapidILL_BOOK</setSpec><setSpec>uge_abbat_RapidILL_BOOK</setSpec><setSpec>UNIGE_ALL</setSpec><setSpec>uge_acar_RapidILL_BOOK</setSpec><setSpec>uge_aobs_RapidILL_BOOK</setSpec></header><metadata>
<record xmlns="http://www.loc.gov/MARC21/slim" xmlns:xsi="http://www.w3.org/2001/XMLSchema-instance" xsi:schemaLocation="http://www.loc.gov/MARC21/slim http://www.loc.gov/standards/marcxml/schema/MARC21slim.xsd"><leader>02990nam a2200601 c 4500</leader><controlfield tag="001">991000784329705502</controlfield><controlfield tag="005">20230412172654.0</controlfield><controlfield tag="008">201011s2016    xxka     b||| 001 0 eng|d</controlfield><datafield ind1=" " ind2=" " tag="015"><subfield code="a">GBB5I3777</subfield><subfield code="2">bnb</subfield></datafield><datafield ind1=" " ind2=" " tag="020"><subfield code="a">9781107554979</subfield><subfield code="q">paperback</subfield></datafield><datafield ind1=" " ind2=" " tag="020"><subfield code="a">1107554977</subfield></datafield><datafield ind1=" " ind2=" " tag="035"><subfield code="a">(swissbib)227187628-41slsp_network</subfield></datafield><datafield ind1=" " ind2=" " tag="035"><subfield code="a">227187628</subfield><subfield code="9">ExL</subfield></datafield><datafield ind1=" " ind2=" " tag="035"><subfield code="a">(NEBIS)010648903EBI01</subfield></datafield><datafield ind1=" " ind2=" " tag="035"><subfield code="a">(RERO)R008763900-41slsp</subfield></datafield><datafield ind1=" " ind2=" " tag="035"><subfield code="a">(EXLNZ-41SLSP_NETWORK)991107082279705501</subfield></datafield><datafield ind1=" " ind2=" " tag="040"><subfield code="a">StDuBDS</subfield><subfield code="b">ger</subfield><subfield code="e">rda</subfield><subfield code="d">CH-ZuSLS</subfield></datafield><datafield ind1=" " ind2=" " tag="042"><subfield code="a">ukblsr</subfield></datafield><datafield ind1="1" ind2="4" tag="050"><subfield code="a">QA374 R423 2016</subfield></datafield><datafield ind1=" " ind2="7" tag="072"><subfield code="a">ma</subfield><subfield code="2">rero</subfield></datafield><datafield ind1="0" ind2="4" tag="082"><subfield code="a">518.64</subfield><subfield code="2">23</subfield></datafield><datafield ind1=" " ind2=" " tag="084"><subfield code="a">35-06</subfield><subfield code="a">35Q30</subfield><subfield code="a">35Q31</subfield><subfield code="2">MSC 2010</subfield></datafield><datafield ind1=" " ind2=" " tag="084"><subfield code="a">35</subfield><subfield code="2">msc</subfield></datafield><datafield ind1="0" ind2="0" tag="245"><subfield code="a">Recent progress in the theory of the Euler and Navier-Stokes equations</subfield><subfield code="c">edited by James C. Robinson (University of Warwick), José L. Rodrigo (University of Warwick), Witold Sadowski (Uniwersytet Warszawski, Poland), Alejandro Vidal-López (Xi'an Jiaotong-Liverpool University, P.R. China)</subfield></datafield><datafield ind1=" " ind2="1" tag="264"><subfield code="a">Cambridge</subfield><subfield code="b">Cambridge University Press</subfield><subfield code="c">2016</subfield></datafield><datafield ind1=" " ind2=" " tag="300"><subfield code="a">xiii, 232 Seiten</subfield><subfield code="c">23 cm</subfield></datafield><datafield ind1=" " ind2=" " tag="336"><subfield code="b">txt</subfield><subfield code="2">rdacontent</subfield></datafield><datafield ind1=" " ind2=" " tag="337"><subfield code="b">n</subfield><subfield code="2">rdamedia</subfield></datafield><datafield ind1=" " ind2=" " tag="338"><subfield code="b">nc</subfield><subfield code="2">rdacarrier</subfield></datafield><datafield ind1="1" ind2=" " tag="490"><subfield code="a">London Mathematical Society lecture note series</subfield><subfield code="v">430</subfield></datafield><datafield ind1=" " ind2=" " tag="504"><subfield code="a">Includes bibliographical references and index</subfield></datafield><datafield ind1=" " ind2=" " tag="504"><subfield code="a">Comprend des références bibliographiques</subfield></datafield><datafield ind1=" " ind2="0" tag="650"><subfield code="a">Navier-Stokes equations</subfield></datafield><datafield ind1=" " ind2="0" tag="650"><subfield code="a">Lagrange equations</subfield></datafield><datafield ind1=" " ind2="7" tag="650"><subfield code="a">BEWEGUNGSGLEICHUNGEN + KONTINUITÄTSGLEICHUNG (FLUIDDYNAMIK)</subfield><subfield code="9">ger</subfield><subfield code="0">(ETHUDK)000014440</subfield><subfield code="2">ethudk</subfield></datafield><datafield ind1=" " ind2="7" tag="650"><subfield code="a">BURGERSSCHE GLEICHUNG (ANALYSIS)</subfield><subfield code="9">ger</subfield><subfield code="0">(ETHUDK)000038546</subfield><subfield code="2">ethudk</subfield></datafield><datafield ind1=" " ind2="7" tag="650"><subfield code="a">EULER-GLEICHUNGEN (ANALYSIS)</subfield><subfield code="9">ger</subfield><subfield code="0">(ETHUDK)000041815</subfield><subfield code="2">ethudk</subfield></datafield><datafield ind1=" " ind2="7" tag="650"><subfield code="a">NAVIER-STOKES GLEICHUNG (FLUIDDYNAMIK)</subfield><subfield code="9">ger</subfield><subfield code="0">(ETHUDK)000014442</subfield><subfield code="2">ethudk</subfield></datafield><datafield ind1=" " ind2="7" tag="650"><subfield code="a">Équations aux dérivées partielles</subfield><subfield code="0">(IDREF)027225402</subfield><subfield code="2">idref</subfield></datafield><datafield ind1=" " ind2="7" tag="650"><subfield code="a">Lagrange, Équations de</subfield><subfield code="0">(IDREF)029332516</subfield><subfield code="2">idref</subfield></datafield><datafield ind1=" " ind2="7" tag="650"><subfield code="a">Navier-Stokes, Équations de</subfield><subfield code="0">(IDREF)027240797</subfield><subfield code="2">idref</subfield></datafield><datafield ind1=" " ind2="7" tag="650"><subfield code="a">Euler, Équations d'</subfield><subfield code="0">(IDREF)029403197</subfield><subfield code="2">idref</subfield></datafield><datafield ind1="1" ind2=" " tag="700"><subfield code="a">Rodrigo, José L.</subfield><subfield code="e">Herausgeber</subfield><subfield code="4">edt</subfield></datafield><datafield ind1="1" ind2=" " tag="700"><subfield code="a">Sadowski, Witold</subfield><subfield code="d">1973-</subfield><subfield code="0">(DE-588)140503099</subfield><subfield code="e">Herausgeber</subfield><subfield code="4">edt</subfield></datafield><datafield ind1="1" ind2=" " tag="700"><subfield code="a">Vidal-López, Alejandro</subfield><subfield code="e">Herausgeber</subfield><subfield code="4">edt</subfield></datafield><datafield ind1="1" ind2=" " tag="700"><subfield code="a">Robinson, James C.</subfield><subfield code="d">1969-</subfield><subfield code="0">(DE-588)143220004</subfield><subfield code="e">Herausgeber</subfield><subfield code="4">edt</subfield><subfield code="6">880-05</subfield></datafield><datafield ind1="1" ind2=" " tag="880"><subfield code="6">700-05</subfield><subfield code="a">Robinson, James Cooper</subfield><subfield code="d">1969-....</subfield><subfield code="0">(IDREF)077454138</subfield></datafield><datafield ind1="4" ind2=" " tag="856"><subfield code="3">Titelblatt und Inhaltsverzeichnis</subfield><subfield code="u">https://toc.library.ethz.ch/objects/pdf03/e01_978-1-107-55497-9_01.pdf</subfield><subfield code="q">pdf</subfield></datafield><datafield ind1="4" ind2=" " tag="856"><subfield code="3">Abstract / Autoreninformation</subfield><subfield code="u">https://toc.library.ethz.ch/objects/pdf03/e01_978-1-107-55497-9_02.pdf</subfield><subfield code="q">pdf</subfield></datafield><datafield ind1=" " ind2=" " tag="830"><subfield code="a">Lecture note series</subfield><subfield code="g">London Mathematical Society</subfield><subfield code="v">430</subfield><subfield code="w">(RERO)0381062-41slsp</subfield></datafield><datafield ind1=" " ind2=" " tag="900"><subfield code="a">REROnoselfmerge</subfield></datafield><datafield ind1=" " ind2=" " tag="910"><subfield code="a">OCoLC</subfield><subfield code="b">20180212</subfield><subfield code="c">Droits réservés</subfield></datafield><datafield ind1=" " ind2=" " tag="949"><subfield code="a">https://toc.library.ethz.ch/objects/pdf03/e01_978-1-107-55497-9_01.pdf</subfield></datafield><datafield ind1=" " ind2=" " tag="949"><subfield code="a">https://toc.library.ethz.ch/objects/pdf03/e01_978-1-107-55497-9_02.pdf</subfield></datafield></record>
</metadata></record>