<record><header><identifier>oai:alma.41SLSP_UGE:991000784539705502</identifier><datestamp>2024-02-09T01:18:48Z</datestamp><setSpec>uge_bcen_RapidILL_BOOK</setSpec><setSpec>uge_aaca_RapidILL_BOOK</setSpec><setSpec>uge_abels_RapidILL_BOOK</setSpec><setSpec>uge_dbu_RapidILL_BOOK</setSpec><setSpec>uge_cmu_RapidILL_BOOK</setSpec><setSpec>uge_mail_RapidILL_BOOK</setSpec><setSpec>uge_abbat_RapidILL_BOOK</setSpec><setSpec>UNIGE_ALL</setSpec><setSpec>uge_aobs_RapidILL_BOOK</setSpec><setSpec>uge_acar_RapidILL_BOOK</setSpec></header><metadata>
<record xmlns="http://www.loc.gov/MARC21/slim" xmlns:xsi="http://www.w3.org/2001/XMLSchema-instance" xsi:schemaLocation="http://www.loc.gov/MARC21/slim http://www.loc.gov/standards/marcxml/schema/MARC21slim.xsd"><leader>01046naa a2200253 c 4500</leader><controlfield tag="001">991000784539705502</controlfield><controlfield tag="005">20240208170935.0</controlfield><controlfield tag="008">930826s1992    sz ||||| |||| 00| ||fre d</controlfield><datafield ind1=" " ind2=" " tag="035"><subfield code="a">(swissbib)08790246X-41slsp_network</subfield></datafield><datafield ind1=" " ind2=" " tag="035"><subfield code="a">08790246X</subfield><subfield code="9">ExL</subfield></datafield><datafield ind1=" " ind2=" " tag="035"><subfield code="a">(RERO)1730718-41slsp</subfield></datafield><datafield ind1=" " ind2=" " tag="035"><subfield code="a">(EXLNZ-41SLSP_NETWORK)991138353239705501</subfield></datafield><datafield ind1=" " ind2=" " tag="040"><subfield code="a">RERO geucmu</subfield><subfield code="d">CH-ZuSLS</subfield></datafield><datafield ind1=" " ind2=" " tag="044"><subfield code="a">sz</subfield><subfield code="c">ch-ge</subfield></datafield><datafield ind1=" " ind2="7" tag="072"><subfield code="a">me</subfield><subfield code="2">rero</subfield></datafield><datafield ind1="1" ind2=" " tag="100"><subfield code="a">Jenelten, Bernard</subfield><subfield code="d">19..-....</subfield><subfield code="0">(IDREF)273984217</subfield><subfield code="4">aut</subfield></datafield><datafield ind1="1" ind2="0" tag="245"><subfield code="a">Utilisation de la méthadone en anesthésie</subfield><subfield code="c">par B. Jenelten, P. König et A. Forster</subfield></datafield><datafield ind1=" " ind2=" " tag="336"><subfield code="b">txt</subfield><subfield code="2">rdacontent</subfield></datafield><datafield ind1=" " ind2=" " tag="337"><subfield code="b">n</subfield><subfield code="2">rdamedia</subfield></datafield><datafield ind1=" " ind2=" " tag="338"><subfield code="b">nc</subfield><subfield code="2">rdacarrier</subfield></datafield><datafield ind1=" " ind2=" " tag="580"><subfield code="a">In: Médecine et hygiène. - Genève. - Année 50, no 1953(1992), p. 2846-2853</subfield></datafield><datafield ind1="1" ind2=" " tag="700"><subfield code="a">König, Patrick</subfield><subfield code="d">19..-....</subfield><subfield code="0">(IDREF)27398439X</subfield><subfield code="4">aut</subfield></datafield><datafield ind1="1" ind2=" " tag="700"><subfield code="a">Forster, Alain</subfield><subfield code="d">19..-....</subfield><subfield code="0">(IDREF)271582030</subfield><subfield code="4">aut</subfield></datafield><datafield ind1="0" ind2=" " tag="773"><subfield code="t">Médecine et hygiène : journal suisse d'informations médicales et paramédicale : réservé à la corporation médicale</subfield><subfield code="g">1992/2846</subfield><subfield code="g">yr:1992</subfield><subfield code="w">(RERO)0137230-41slsp</subfield></datafield><datafield ind1=" " ind2=" " tag="900"><subfield code="a">REROnoselfmerge</subfield></datafield></record>
</metadata></record>