<record><header><identifier>oai:alma.41SLSP_UGE:991000784119705502</identifier><datestamp>2024-10-05T00:14:19Z</datestamp><setSpec>uge_bcen_RapidILL_BOOK</setSpec><setSpec>uge_aaca_RapidILL_BOOK</setSpec><setSpec>uge_abels_RapidILL_BOOK</setSpec><setSpec>uge_dbu_RapidILL_BOOK</setSpec><setSpec>uge_cmu_RapidILL_BOOK</setSpec><setSpec>uge_mail_RapidILL_BOOK</setSpec><setSpec>uge_abbat_RapidILL_BOOK</setSpec><setSpec>UNIGE_ALL</setSpec><setSpec>uge_acar_RapidILL_BOOK</setSpec><setSpec>uge_aobs_RapidILL_BOOK</setSpec></header><metadata>
<record xmlns="http://www.loc.gov/MARC21/slim" xmlns:xsi="http://www.w3.org/2001/XMLSchema-instance" xsi:schemaLocation="http://www.loc.gov/MARC21/slim http://www.loc.gov/standards/marcxml/schema/MARC21slim.xsd"><leader>01996nam a2200517 c 4500</leader><controlfield tag="001">991000784119705502</controlfield><controlfield tag="005">20241004200528.0</controlfield><controlfield tag="008">201011s1996    ne ||||| |||| 00| ||eng d</controlfield><datafield ind1=" " ind2=" " tag="020"><subfield code="a">9042000260</subfield></datafield><datafield ind1=" " ind2=" " tag="035"><subfield code="a">(swissbib)212254340-41slsp_network</subfield></datafield><datafield ind1=" " ind2=" " tag="035"><subfield code="a">212254340</subfield><subfield code="9">ExL</subfield></datafield><datafield ind1=" " ind2=" " tag="035"><subfield code="a">(RERO)2298322-41slsp</subfield></datafield><datafield ind1=" " ind2=" " tag="035"><subfield code="a">(NEBIS)007985354EBI01</subfield></datafield><datafield ind1=" " ind2=" " tag="035"><subfield code="a">(IDSBB)001341480DSV01</subfield></datafield><datafield ind1=" " ind2=" " tag="035"><subfield code="a">(EXLNZ-41SLSP_NETWORK)991044917709705501</subfield></datafield><datafield ind1=" " ind2=" " tag="040"><subfield code="a">RERO laiuhm</subfield><subfield code="d">CH-ZuSLS</subfield></datafield><datafield ind1=" " ind2=" " tag="044"><subfield code="a">ne</subfield><subfield code="a">xxu</subfield></datafield><datafield ind1=" " ind2="7" tag="072"><subfield code="a">me</subfield><subfield code="2">rero</subfield></datafield><datafield ind1=" " ind2="7" tag="072"><subfield code="a">ht</subfield><subfield code="2">rero</subfield></datafield><datafield ind1=" " ind2=" " tag="084"><subfield code="a">XB 2350</subfield><subfield code="2">rvk</subfield></datafield><datafield ind1="1" ind2=" " tag="100"><subfield code="a">Dally, Ann G.</subfield><subfield code="0">(IDREF)078633451</subfield><subfield code="4">cre</subfield></datafield><datafield ind1="1" ind2="0" tag="245"><subfield code="a">Fantasy surgery, 1880-1930</subfield><subfield code="b">with special reference to Sir William Arbuthnot Lane</subfield><subfield code="c">Ann Dally</subfield></datafield><datafield ind1=" " ind2="1" tag="264"><subfield code="a">Amsterdam</subfield><subfield code="a">Atlanta</subfield><subfield code="b">Rodopi</subfield><subfield code="c">1996</subfield></datafield><datafield ind1=" " ind2=" " tag="300"><subfield code="a">VIII, 359 p.</subfield><subfield code="c">24 cm</subfield></datafield><datafield ind1=" " ind2=" " tag="336"><subfield code="b">txt</subfield><subfield code="2">rdacontent</subfield></datafield><datafield ind1=" " ind2=" " tag="337"><subfield code="b">n</subfield><subfield code="2">rdamedia</subfield></datafield><datafield ind1=" " ind2=" " tag="338"><subfield code="b">nc</subfield><subfield code="2">rdacarrier</subfield></datafield><datafield ind1="1" ind2=" " tag="490"><subfield code="a">The Wellcome Institute series in the history of medicine</subfield></datafield><datafield ind1="1" ind2=" " tag="490"><subfield code="a">Clio Medica</subfield><subfield code="v">38</subfield></datafield><datafield ind1=" " ind2=" " tag="500"><subfield code="a">Enth. als Appendix unpubl. Arbeiten von Arbuthnot Lane aus Familienbesitz</subfield></datafield><datafield ind1=" " ind2=" " tag="504"><subfield code="a">S. 239-263</subfield></datafield><datafield ind1="1" ind2="7" tag="600"><subfield code="a">Lane, William Arbuthnot</subfield><subfield code="0">(RERO)A010105831</subfield><subfield code="2">rero</subfield></datafield><datafield ind1=" " ind2="7" tag="650"><subfield code="a">Chirurgie</subfield><subfield code="0">(IDREF)027223035</subfield><subfield code="2">idref</subfield></datafield><datafield ind1=" " ind2="7" tag="650"><subfield code="a">Fantaisie</subfield><subfield code="0">(IDREF)03499033X</subfield><subfield code="2">idref</subfield></datafield><datafield ind1=" " ind2="7" tag="650"><subfield code="a">1880-1930</subfield><subfield code="2">rero</subfield></datafield><datafield ind1=" " ind2=" " tag="690"><subfield code="a">Chirurgie: Geschichte</subfield><subfield code="2">uzb-UU</subfield></datafield><datafield ind1=" " ind2=" " tag="690"><subfield code="a">Medizingeschichte: 19. Jahrhundert</subfield><subfield code="2">uzb-UU</subfield></datafield><datafield ind1=" " ind2=" " tag="690"><subfield code="a">Grossbritannien: Medizingeschichte</subfield><subfield code="2">uzb-UU</subfield></datafield><datafield ind1=" " ind2=" " tag="690"><subfield code="a">Lane, William Arbuthnot, Sir (1856-1943)</subfield><subfield code="2">uzb-UU</subfield></datafield><datafield ind1="1" ind2=" " tag="700"><subfield code="a">Dally, Ann G.</subfield><subfield code="d">1929-2007</subfield><subfield code="0">(DE-588)12424842X</subfield></datafield><datafield ind1="4" ind2=" " tag="856"><subfield code="3">Inhaltsverzeichnis</subfield><subfield code="u">http://www.ub.unibas.ch/tox/HBZ/HT007425221/PDF</subfield><subfield code="q">pdf</subfield></datafield><datafield ind1=" " ind2="0" tag="830"><subfield code="a">Clio medica</subfield><subfield code="v">38</subfield><subfield code="w">(RERO)1248345-41slsp</subfield></datafield><datafield ind1=" " ind2="0" tag="830"><subfield code="a">Clio medica</subfield><subfield code="v">38</subfield><subfield code="w">(IDSBB)000089215DSV01</subfield></datafield><datafield ind1=" " ind2="0" tag="830"><subfield code="a">&lt;&lt;The&gt;&gt; Wellcome Institute series in the history of medicine</subfield><subfield code="w">(RERO)0783149-41slsp</subfield></datafield><datafield ind1=" " ind2="0" tag="830"><subfield code="a">Clio medica</subfield><subfield code="v">38</subfield><subfield code="w">(NEBIS)001505625EBI01</subfield></datafield><datafield ind1=" " ind2=" " tag="900"><subfield code="a">REROnoselfmerge</subfield></datafield><datafield ind1=" " ind2=" " tag="949"><subfield code="a">http://www.ub.unibas.ch/tox/HBZ/HT007425221/PDF</subfield></datafield></record>
</metadata></record>