<record><header><identifier>oai:alma.41SLSP_UGE:991000784569705502</identifier><datestamp>2023-09-29T00:51:42Z</datestamp><setSpec>uge_bcen_RapidILL_BOOK</setSpec><setSpec>uge_aaca_RapidILL_BOOK</setSpec><setSpec>uge_abels_RapidILL_BOOK</setSpec><setSpec>uge_dbu_RapidILL_BOOK</setSpec><setSpec>uge_cmu_RapidILL_BOOK</setSpec><setSpec>uge_mail_RapidILL_BOOK</setSpec><setSpec>uge_abbat_RapidILL_BOOK</setSpec><setSpec>UNIGE_ALL</setSpec><setSpec>uge_acar_RapidILL_BOOK</setSpec><setSpec>uge_aobs_RapidILL_BOOK</setSpec></header><metadata>
<record xmlns="http://www.loc.gov/MARC21/slim" xmlns:xsi="http://www.w3.org/2001/XMLSchema-instance" xsi:schemaLocation="http://www.loc.gov/MARC21/slim http://www.loc.gov/standards/marcxml/schema/MARC21slim.xsd"><leader>02039nam a2200493 c 4500</leader><controlfield tag="001">991000784569705502</controlfield><controlfield tag="005">20230127180923.0</controlfield><controlfield tag="008">201011s1985    gw ||||| |||| 00| ||ger d</controlfield><datafield ind1=" " ind2=" " tag="020"><subfield code="a">3515043896</subfield></datafield><datafield ind1="7" ind2=" " tag="024"><subfield code="a">http://catalogue.bnf.fr/ark:/12148/cb34897502x</subfield><subfield code="2">uri</subfield></datafield><datafield ind1=" " ind2=" " tag="035"><subfield code="a">(swissbib)218727496-41slsp_network</subfield></datafield><datafield ind1=" " ind2=" " tag="035"><subfield code="a">218727496</subfield><subfield code="9">ExL</subfield></datafield><datafield ind1=" " ind2=" " tag="035"><subfield code="a">(RERO)0700412-41slsp</subfield></datafield><datafield ind1=" " ind2=" " tag="035"><subfield code="a">(NEBIS)004800219EBI01</subfield></datafield><datafield ind1=" " ind2=" " tag="035"><subfield code="a">(IDSBB)004154987DSV01</subfield></datafield><datafield ind1=" " ind2=" " tag="035"><subfield code="a">(EXLNZ-41SLSP_NETWORK)991078258599705501</subfield></datafield><datafield ind1=" " ind2=" " tag="040"><subfield code="a">RERO labcud</subfield><subfield code="d">CH-ZuSLS</subfield></datafield><datafield ind1="0" ind2=" " tag="041"><subfield code="a">ger</subfield><subfield code="a">eng</subfield></datafield><datafield ind1=" " ind2="7" tag="072"><subfield code="a">ba</subfield><subfield code="2">rero</subfield></datafield><datafield ind1="1" ind2=" " tag="080"><subfield code="a">7.01</subfield></datafield><datafield ind1=" " ind2=" " tag="084"><subfield code="a">9,10</subfield><subfield code="2">ssgn</subfield></datafield><datafield ind1=" " ind2=" " tag="084"><subfield code="a">LH 61050</subfield><subfield code="2">rvk</subfield></datafield><datafield ind1=" " ind2=" " tag="084"><subfield code="a">LH 62040</subfield><subfield code="2">rvk</subfield></datafield><datafield ind1="0" ind2="0" tag="245"><subfield code="a">Kategorien und Methoden der deutschen Kunstgeschichte</subfield><subfield code="b">1900-1930</subfield><subfield code="c">Beiträge von Oskar Bätschmann ... [ et al.] ; hrsg. von Lorenz Dittmann ; [aus den Arbeitskreisen &quot;Methoden der Geisteswissenschaften&quot; der Fritz Thyssen Stiftung]</subfield></datafield><datafield ind1=" " ind2="1" tag="264"><subfield code="a">Stuttgart</subfield><subfield code="b">F. Steiner</subfield><subfield code="c">1985</subfield></datafield><datafield ind1=" " ind2=" " tag="300"><subfield code="a">364 p.</subfield><subfield code="b">ill.</subfield><subfield code="c">23 cm</subfield></datafield><datafield ind1=" " ind2=" " tag="336"><subfield code="b">txt</subfield><subfield code="2">rdacontent</subfield></datafield><datafield ind1=" " ind2=" " tag="337"><subfield code="b">n</subfield><subfield code="2">rdamedia</subfield></datafield><datafield ind1=" " ind2=" " tag="338"><subfield code="b">nc</subfield><subfield code="2">rdacarrier</subfield></datafield><datafield ind1=" " ind2=" " tag="500"><subfield code="a">(Aus den Arbeitskreisen &quot;Methoden der Geisteswissenschaften&quot; der Fritz Thyssen Stiftung)</subfield></datafield><datafield ind1=" " ind2="7" tag="650"><subfield code="a">histoire de l'art (discipline)</subfield><subfield code="0">(RERO)A009996879</subfield><subfield code="2">rerovoc</subfield></datafield><datafield ind1=" " ind2="7" tag="650"><subfield code="a">Méthodologie</subfield><subfield code="0">(IDREF)027239489</subfield><subfield code="2">idref</subfield></datafield><datafield ind1=" " ind2="7" tag="650"><subfield code="a">1900-1930</subfield><subfield code="2">rero</subfield></datafield><datafield ind1=" " ind2="7" tag="650"><subfield code="a">catégorie (art)</subfield><subfield code="0">(RERO)A010061269</subfield><subfield code="2">rerovoc</subfield></datafield><datafield ind1=" " ind2="7" tag="651"><subfield code="a">Allemagne</subfield><subfield code="0">(IDREF)027218856</subfield><subfield code="2">idref</subfield></datafield><datafield ind1=" " ind2=" " tag="690"><subfield code="a">Kunstwissenschaft - Deutschland - 20. Jh.</subfield><subfield code="2">ubs-A5</subfield></datafield><datafield ind1=" " ind2=" " tag="690"><subfield code="a">Kunstkritik - Deutschland - 20. Jh.</subfield><subfield code="2">ubs-A5</subfield></datafield><datafield ind1="1" ind2=" " tag="700"><subfield code="a">Bätschmann, Oskar</subfield><subfield code="d">1943-</subfield><subfield code="0">(DE-588)115445277</subfield><subfield code="6">880-02</subfield></datafield><datafield ind1="1" ind2=" " tag="880"><subfield code="6">700-02</subfield><subfield code="a">Bätschmann, Oskar</subfield><subfield code="d">1943-....</subfield><subfield code="0">(IDREF)028434838</subfield></datafield><datafield ind1="1" ind2=" " tag="700"><subfield code="a">Dittmann, Lorenz</subfield><subfield code="d">1928-2018</subfield><subfield code="0">(DE-588)119266008</subfield><subfield code="6">880-03</subfield></datafield><datafield ind1="1" ind2=" " tag="880"><subfield code="6">700-03</subfield><subfield code="a">Dittmann, Lorenz</subfield><subfield code="d">1928-2018</subfield><subfield code="0">(IDREF)05580781X</subfield></datafield><datafield ind1="2" ind2=" " tag="710"><subfield code="6">880-04</subfield><subfield code="a">Fritz Thyssen Stiftung</subfield><subfield code="g">Allemagne</subfield><subfield code="0">(IDREF)026450410</subfield></datafield><datafield ind1="2" ind2=" " tag="880"><subfield code="a">Fritz-Thyssen-Stiftung</subfield><subfield code="0">(DE-588)2010888-6</subfield><subfield code="6">710-04</subfield></datafield><datafield ind1=" " ind2=" " tag="900"><subfield code="a">REROnoselfmerge</subfield></datafield><datafield ind1=" " ind2=" " tag="900"><subfield code="a">IDSERMedeaSIK</subfield></datafield><datafield ind1=" " ind2=" " tag="993"><subfield code="a">BFLA 140952</subfield><subfield code="x">ge/ulha/a/00/1220</subfield><subfield code="9">LOCAL</subfield></datafield></record>
</metadata></record>