<record><header><identifier>oai:alma.41SLSP_UGE:991000784049705502</identifier><datestamp>2024-10-18T00:09:18Z</datestamp><setSpec>UNIGE_ALL</setSpec></header><metadata>
<record xmlns="http://www.loc.gov/MARC21/slim" xmlns:xsi="http://www.w3.org/2001/XMLSchema-instance" xsi:schemaLocation="http://www.loc.gov/MARC21/slim http://www.loc.gov/standards/marcxml/schema/MARC21slim.xsd"><leader>03024nim a2200649 ca4500</leader><controlfield tag="001">991000784049705502</controlfield><controlfield tag="005">20241002153412.0</controlfield><controlfield tag="007">sd#f||g|||||||</controlfield><controlfield tag="008">201011s2016    gw ||nn| |||||||| n ger d</controlfield><datafield ind1=" " ind2=" " tag="015"><subfield code="a">16,A23</subfield><subfield code="z">15,N49</subfield><subfield code="2">dnb</subfield></datafield><datafield ind1="7" ind2=" " tag="016"><subfield code="a">1079159703</subfield><subfield code="2">DE-101</subfield></datafield><datafield ind1=" " ind2=" " tag="019"><subfield code="a">Datenimport aus BIBDIA ZB Solothurn</subfield><subfield code="5">IDSBB/09.01.2019/A150/bmt</subfield></datafield><datafield ind1=" " ind2=" " tag="020"><subfield code="a">9783844521214</subfield><subfield code="q">in Behältnis</subfield><subfield code="c">EUR 24.99 (AT) (freier Pr.), sfr 35.50 (freier Pr.), EUR 24.99 (DE) (freier Pr.)</subfield></datafield><datafield ind1="3" ind2=" " tag="024"><subfield code="a">9783844521214</subfield></datafield><datafield ind1=" " ind2=" " tag="035"><subfield code="a">(swissbib)22947585X-41slsp_network</subfield></datafield><datafield ind1=" " ind2=" " tag="035"><subfield code="a">22947585X</subfield><subfield code="9">ExL</subfield></datafield><datafield ind1=" " ind2=" " tag="035"><subfield code="a">(IDSLU)001242268ILU01</subfield></datafield><datafield ind1=" " ind2=" " tag="035"><subfield code="a">(IDSBB)007040221DSV01</subfield></datafield><datafield ind1=" " ind2=" " tag="035"><subfield code="a">(RERO)R008732459-41slsp</subfield></datafield><datafield ind1=" " ind2=" " tag="035"><subfield code="a">(DE-599)DNB1079159703</subfield></datafield><datafield ind1=" " ind2=" " tag="035"><subfield code="a">(OCoLC)932020593</subfield></datafield><datafield ind1=" " ind2=" " tag="035"><subfield code="a">(EXLNZ-41SLSP_NETWORK)991101795959705501</subfield></datafield><datafield ind1=" " ind2=" " tag="040"><subfield code="a">1245</subfield><subfield code="b">ger</subfield><subfield code="e">rda</subfield><subfield code="d">CH-ZuSLS</subfield></datafield><datafield ind1="0" ind2=" " tag="041"><subfield code="a">ger</subfield></datafield><datafield ind1=" " ind2="7" tag="072"><subfield code="a">592</subfield><subfield code="2">IDS LU</subfield></datafield><datafield ind1=" " ind2="7" tag="072"><subfield code="a">al</subfield><subfield code="2">rero</subfield></datafield><datafield ind1=" " ind2=" " tag="084"><subfield code="a">830</subfield><subfield code="a">B</subfield><subfield code="2">sdnb</subfield></datafield><datafield ind1=" " ind2=" " tag="084"><subfield code="a">GM 3668</subfield><subfield code="2">rvk</subfield></datafield><datafield ind1=" " ind2=" " tag="084"><subfield code="a">B</subfield><subfield code="2">sdnb</subfield></datafield><datafield ind1="1" ind2=" " tag="100"><subfield code="6">880-09</subfield><subfield code="a">Sommer, Heinz</subfield><subfield code="d">1956-</subfield><subfield code="0">(DE-588)1135602700</subfield><subfield code="e">Verfasser</subfield><subfield code="4">aut</subfield></datafield><datafield ind1="1" ind2=" " tag="880"><subfield code="6">100-09/(B</subfield><subfield code="a">Sommer, Heinz-Dieter</subfield><subfield code="d">1956-....</subfield><subfield code="0">(IDREF)280617909</subfield><subfield code="4">aut</subfield></datafield><datafield ind1="1" ind2="0" tag="245"><subfield code="a">Hermann Hesse, Siddhartha</subfield><subfield code="b">Hörspiel und Feature</subfield><subfield code="c">Hörspielbearbeitung: Heinz-Dieter Sommer ; mit Iris Berben, Matthias Koeberlin u.v.a.</subfield></datafield><datafield ind1=" " ind2="1" tag="264"><subfield code="a">München</subfield><subfield code="b">Der Hörverlag</subfield><subfield code="c">2016</subfield></datafield><datafield ind1=" " ind2=" " tag="300"><subfield code="a">5 CDs (ca. 5 h 30 min)</subfield><subfield code="e">1 Booklet (27 Seiten)</subfield></datafield><datafield ind1=" " ind2=" " tag="336"><subfield code="b">spw</subfield><subfield code="2">rdacontent</subfield></datafield><datafield ind1=" " ind2=" " tag="337"><subfield code="b">s</subfield><subfield code="2">rdamedia</subfield></datafield><datafield ind1=" " ind2=" " tag="338"><subfield code="b">sd</subfield><subfield code="2">rdacarrier</subfield></datafield><datafield ind1=" " ind2=" " tag="500"><subfield code="a">Enthält ein Bonus-Feature zur Entstehungsgeschichte der literarischen Vorlage</subfield></datafield><datafield ind1=" " ind2=" " tag="508"><subfield code="a">Produktion: Hessischer Rundfunk</subfield></datafield><datafield ind1="1" ind2=" " tag="511"><subfield code="a">Regie: Leonhard Koppelmann ; Musik: Ali N. Askin</subfield></datafield><datafield ind1="0" ind2=" " tag="511"><subfield code="a">Iris Berben, Matthias Koeberlin ... et al. (Sprecher)</subfield></datafield><datafield ind1=" " ind2="7" tag="655"><subfield code="a">CD</subfield><subfield code="2">gnd-carrier</subfield></datafield><datafield ind1=" " ind2="7" tag="655"><subfield code="a">Hörspiel</subfield><subfield code="2">gnd-content</subfield></datafield><datafield ind1=" " ind2="7" tag="655"><subfield code="a">Fiktionale Darstellung</subfield><subfield code="2">gnd-content</subfield></datafield><datafield ind1="1" ind2=" " tag="700"><subfield code="a">Hesse, Hermann</subfield><subfield code="d">1877-1962</subfield><subfield code="6">880-06</subfield><subfield code="0">(DE-588)11855042X</subfield></datafield><datafield ind1="1" ind2=" " tag="880"><subfield code="6">700-06/(B</subfield><subfield code="a">Hesse, Hermann</subfield><subfield code="d">1877-1962</subfield><subfield code="0">(IDREF)028345614</subfield><subfield code="4">aut</subfield></datafield><datafield ind1="1" ind2=" " tag="700"><subfield code="6">880-07</subfield><subfield code="a">Koeberlin, Matthias</subfield><subfield code="d">1974-</subfield><subfield code="0">(DE-588)124335764</subfield></datafield><datafield ind1="1" ind2=" " tag="880"><subfield code="6">700-07/(B</subfield><subfield code="a">Koeberlin, Matthias</subfield><subfield code="d">1974-....</subfield><subfield code="0">(IDREF)146400291</subfield></datafield><datafield ind1="1" ind2=" " tag="700"><subfield code="6">880-10</subfield><subfield code="a">Askin, Ali N.</subfield><subfield code="d">1962-</subfield><subfield code="0">(DE-588)134893778</subfield><subfield code="e">Komponist</subfield><subfield code="4">cmp</subfield></datafield><datafield ind1="1" ind2=" " tag="880"><subfield code="6">700-10/(B</subfield><subfield code="a">Askin, Ali N.</subfield><subfield code="d">1962</subfield><subfield code="0">(IDREF)225378493</subfield><subfield code="4">cmp</subfield></datafield><datafield ind1="1" ind2=" " tag="700"><subfield code="a">Hesse, Hermann</subfield><subfield code="d">1877-1962</subfield><subfield code="t">Siddhartha</subfield><subfield code="0">(DE-588)4131617-4</subfield><subfield code="i">Hörspielbearbeitung von</subfield></datafield><datafield ind1="1" ind2=" " tag="700"><subfield code="a">Koppelmann, Leonhard</subfield><subfield code="d">1970-</subfield><subfield code="6">880-11</subfield><subfield code="0">(DE-588)123227461</subfield><subfield code="e">Hörfunkregisseur</subfield><subfield code="4">rdd</subfield></datafield><datafield ind1="1" ind2=" " tag="880"><subfield code="6">700-11/(B</subfield><subfield code="a">Koppelmann, Leonhard</subfield><subfield code="d">1970-....</subfield><subfield code="0">(IDREF)126613516</subfield><subfield code="4">rdd</subfield></datafield><datafield ind1="1" ind2=" " tag="700"><subfield code="a">Berben, Iris</subfield><subfield code="d">1950-</subfield><subfield code="6">880-05</subfield><subfield code="0">(DE-588)128792949</subfield><subfield code="e">Erzähler</subfield><subfield code="4">nrt</subfield></datafield><datafield ind1="1" ind2=" " tag="880"><subfield code="6">700-05</subfield><subfield code="a">Berben, Iris</subfield><subfield code="d">1950-....</subfield><subfield code="0">(IDREF)18618106X</subfield><subfield code="4">nrt</subfield></datafield><datafield ind1="4" ind2="2" tag="856"><subfield code="q">text/html</subfield><subfield code="u">https://deposit.dnb.de/cgi-bin/dokserv?id=3973d0808ffd4d95bfb4b035bb8974ef&amp;prov=M&amp;dok_var=1&amp;dok_ext=htm</subfield><subfield code="z">Inhaltstext</subfield></datafield><datafield ind1=" " ind2=" " tag="900"><subfield code="a">REROnoselfmerge</subfield></datafield><datafield ind1=" " ind2=" " tag="949"><subfield code="a">https://deposit.dnb.de/cgi-bin/dokserv?id=3973d0808ffd4d95bfb4b035bb8974ef&amp;prov=M&amp;dok_var=1&amp;dok_ext=htm</subfield></datafield></record>
</metadata></record>