<record><header><identifier>oai:alma.41SLSP_UGE:991000784779705502</identifier><datestamp>2024-09-20T00:06:36Z</datestamp><setSpec>uge_bcen_RapidILL_BOOK</setSpec><setSpec>uge_aaca_RapidILL_BOOK</setSpec><setSpec>uge_abels_RapidILL_BOOK</setSpec><setSpec>uge_dbu_RapidILL_BOOK</setSpec><setSpec>uge_cmu_RapidILL_BOOK</setSpec><setSpec>uge_mail_RapidILL_BOOK</setSpec><setSpec>uge_abbat_RapidILL_BOOK</setSpec><setSpec>UNIGE_ALL</setSpec><setSpec>uge_acar_RapidILL_BOOK</setSpec><setSpec>uge_aobs_RapidILL_BOOK</setSpec></header><metadata>
<record xmlns="http://www.loc.gov/MARC21/slim" xmlns:xsi="http://www.w3.org/2001/XMLSchema-instance" xsi:schemaLocation="http://www.loc.gov/MARC21/slim http://www.loc.gov/standards/marcxml/schema/MARC21slim.xsd"><leader>01862nam a2200457 c 4500</leader><controlfield tag="001">991000784779705502</controlfield><controlfield tag="005">20240508154042.0</controlfield><controlfield tag="008">201012s1986    no            00| | fre d</controlfield><datafield ind1=" " ind2=" " tag="020"><subfield code="a">2503410316</subfield><subfield code="q">relié</subfield></datafield><datafield ind1=" " ind2=" " tag="020"><subfield code="a">2503410324</subfield><subfield code="q">broché</subfield></datafield><datafield ind1="7" ind2=" " tag="024"><subfield code="a">http://catalogue.bnf.fr/ark:/12148/cb38849285m</subfield><subfield code="2">uri</subfield></datafield><datafield ind1=" " ind2=" " tag="035"><subfield code="a">(swissbib)242228755-41slsp_network</subfield></datafield><datafield ind1=" " ind2=" " tag="035"><subfield code="a">242228755</subfield><subfield code="9">ExL</subfield></datafield><datafield ind1=" " ind2=" " tag="035"><subfield code="a">(SBT)000025997SBT01</subfield></datafield><datafield ind1=" " ind2=" " tag="035"><subfield code="a">(IDSBB)000164049DSV01</subfield></datafield><datafield ind1=" " ind2=" " tag="035"><subfield code="a">(RERO)0713081-41slsp</subfield></datafield><datafield ind1=" " ind2=" " tag="035"><subfield code="a">(EXLNZ-41SLSP_NETWORK)991016753509705501</subfield></datafield><datafield ind1=" " ind2=" " tag="040"><subfield code="a">RERO gevbpu</subfield><subfield code="d">CH-ZuSLS</subfield></datafield><datafield ind1="1" ind2=" " tag="041"><subfield code="a">fre</subfield><subfield code="h">arm</subfield></datafield><datafield ind1=" " ind2="7" tag="072"><subfield code="a">th</subfield><subfield code="2">rero</subfield></datafield><datafield ind1=" " ind2=" " tag="084"><subfield code="a">BC 3150</subfield><subfield code="2">rvk</subfield></datafield><datafield ind1=" " ind2=" " tag="084"><subfield code="a">BO 1160</subfield><subfield code="2">rvk</subfield></datafield><datafield ind1="0" ind2="0" tag="245"><subfield code="a">Pierre, Paul, André, Jacques, Jean</subfield></datafield><datafield ind1=" " ind2="1" tag="264"><subfield code="a">Turnhout</subfield><subfield code="b">Brepols</subfield><subfield code="c">1986</subfield></datafield><datafield ind1=" " ind2=" " tag="300"><subfield code="a">XXX, 418 p.</subfield><subfield code="c">26 cm</subfield></datafield><datafield ind1=" " ind2=" " tag="336"><subfield code="b">txt</subfield><subfield code="2">rdacontent</subfield></datafield><datafield ind1=" " ind2=" " tag="337"><subfield code="b">n</subfield><subfield code="2">rdamedia</subfield></datafield><datafield ind1=" " ind2=" " tag="338"><subfield code="b">nc</subfield><subfield code="2">rdacarrier</subfield></datafield><datafield ind1="1" ind2=" " tag="490"><subfield code="a">Ecrits apocryphes sur les apôtres / trad. de l'éd. arménienne de Venise par Dom Louis Leloir</subfield><subfield code="v">1</subfield></datafield><datafield ind1="1" ind2=" " tag="490"><subfield code="a">Corpus christianorum. Series apocryphorum</subfield><subfield code="v">3</subfield></datafield><datafield ind1="0" ind2="7" tag="600"><subfield code="a">Pierre</subfield><subfield code="c">saint</subfield><subfield code="d">....-0064?</subfield><subfield code="0">(IDREF)028123395</subfield><subfield code="2">idref</subfield></datafield><datafield ind1="0" ind2="7" tag="600"><subfield code="a">Paul</subfield><subfield code="c">saint</subfield><subfield code="d">0005?-0067?</subfield><subfield code="0">(IDREF)052468844</subfield><subfield code="2">idref</subfield></datafield><datafield ind1="0" ind2="7" tag="600"><subfield code="a">André</subfield><subfield code="c">saint et apôtre</subfield><subfield code="d">-000.?-0069?</subfield><subfield code="0">(IDREF)078721210</subfield><subfield code="2">idref</subfield></datafield><datafield ind1="0" ind2="7" tag="600"><subfield code="a">Jacques le Majeur</subfield><subfield code="c">saint</subfield><subfield code="d">00..-004.</subfield><subfield code="0">(IDREF)027593487</subfield><subfield code="2">idref</subfield></datafield><datafield ind1="0" ind2="7" tag="600"><subfield code="a">Jean l'Évangéliste</subfield><subfield code="c">saint</subfield><subfield code="d">....-006.?</subfield><subfield code="0">(IDREF)027562611</subfield><subfield code="2">idref</subfield></datafield><datafield ind1=" " ind2="7" tag="655"><subfield code="a">[document]</subfield><subfield code="2">rerovoc</subfield><subfield code="0">(RERO)A010182398</subfield></datafield><datafield ind1=" " ind2=" " tag="691"><subfield code="e">270.1</subfield><subfield code="a">Storia della Chiesa. Periodo apostolico, fino al 325</subfield><subfield code="2">usi-TE</subfield></datafield><datafield ind1="0" ind2=" " tag="730"><subfield code="a">Bibbia</subfield><subfield code="n">240</subfield><subfield code="p">NT.</subfield><subfield code="p">Apocrifi. Atti degli apostoli</subfield></datafield><datafield ind1=" " ind2="0" tag="830"><subfield code="a">Corpus Christianorum</subfield><subfield code="p">Series apocryphorum</subfield><subfield code="v">3</subfield><subfield code="w">(SBT)000003236SBT01</subfield></datafield><datafield ind1=" " ind2="0" tag="830"><subfield code="a">Corpus Christianorum</subfield><subfield code="p">Series apocryphorum</subfield><subfield code="v">3</subfield><subfield code="w">(RERO)0494583-41slsp</subfield></datafield><datafield ind1=" " ind2="0" tag="830"><subfield code="a">Ecrits apocryphes sur les apôtres</subfield><subfield code="v">1</subfield><subfield code="w">(IDSBB)000164048DSV01</subfield></datafield><datafield ind1=" " ind2=" " tag="900"><subfield code="a">REROnoselfmerge</subfield></datafield></record>
</metadata></record>