<record><header><identifier>oai:alma.41SLSP_UGE:991000784879705502</identifier><datestamp>2024-03-09T01:34:12Z</datestamp><setSpec>uge_bcen_RapidILL_BOOK</setSpec><setSpec>uge_aaca_RapidILL_BOOK</setSpec><setSpec>uge_abels_RapidILL_BOOK</setSpec><setSpec>uge_dbu_RapidILL_BOOK</setSpec><setSpec>uge_cmu_RapidILL_BOOK</setSpec><setSpec>uge_mail_RapidILL_BOOK</setSpec><setSpec>uge_abbat_RapidILL_BOOK</setSpec><setSpec>UNIGE_ALL</setSpec><setSpec>uge_acar_RapidILL_BOOK</setSpec><setSpec>uge_aobs_RapidILL_BOOK</setSpec></header><metadata>
<record xmlns="http://www.loc.gov/MARC21/slim" xmlns:xsi="http://www.w3.org/2001/XMLSchema-instance" xsi:schemaLocation="http://www.loc.gov/MARC21/slim http://www.loc.gov/standards/marcxml/schema/MARC21slim.xsd"><leader>01737nam a2200505uc 4500</leader><controlfield tag="001">991000784879705502</controlfield><controlfield tag="005">20240308022721.0</controlfield><controlfield tag="008">201011s1987    gw ||||| |||| 00| ||ger d</controlfield><datafield ind1=" " ind2=" " tag="020"><subfield code="a">3889771246</subfield></datafield><datafield ind1=" " ind2=" " tag="035"><subfield code="a">(swissbib)228201349-41slsp_network</subfield></datafield><datafield ind1=" " ind2=" " tag="035"><subfield code="a">228201349</subfield><subfield code="9">ExL</subfield></datafield><datafield ind1=" " ind2=" " tag="035"><subfield code="a">(IDSBB)000276685DSV01</subfield></datafield><datafield ind1=" " ind2=" " tag="035"><subfield code="a">(NEBIS)003038969EBI01</subfield></datafield><datafield ind1=" " ind2=" " tag="035"><subfield code="a">(IDSLU)000027110ILU01</subfield></datafield><datafield ind1=" " ind2=" " tag="035"><subfield code="a">(RERO)0859922-41slsp</subfield></datafield><datafield ind1=" " ind2=" " tag="035"><subfield code="a">(ABN)000054304ABN01</subfield></datafield><datafield ind1=" " ind2=" " tag="035"><subfield code="a">(EXLNZ-41SLSP_NETWORK)991137499839705501</subfield></datafield><datafield ind1=" " ind2=" " tag="040"><subfield code="a">SzZuIDS BS/BE A100</subfield><subfield code="b">ger</subfield><subfield code="e">kids</subfield><subfield code="d">CH-ZuSLS</subfield></datafield><datafield ind1=" " ind2="7" tag="072"><subfield code="a">nd</subfield><subfield code="2">SzZuIDS BS/BE</subfield></datafield><datafield ind1=" " ind2="7" tag="072"><subfield code="a">592</subfield><subfield code="2">IDS LU</subfield></datafield><datafield ind1=" " ind2="7" tag="072"><subfield code="a">al</subfield><subfield code="2">rero</subfield></datafield><datafield ind1="0" ind2="0" tag="082"><subfield code="a">838/.91403</subfield><subfield code="a">B</subfield><subfield code="2">19</subfield></datafield><datafield ind1="0" ind2="4" tag="082"><subfield code="a">838.91408</subfield></datafield><datafield ind1="1" ind2="4" tag="082"><subfield code="a">834.914</subfield><subfield code="2">22</subfield></datafield><datafield ind1="1" ind2="4" tag="082"><subfield code="a">830</subfield><subfield code="2">15</subfield></datafield><datafield ind1=" " ind2=" " tag="084"><subfield code="a">GN 3280</subfield><subfield code="2">rvk</subfield></datafield><datafield ind1="1" ind2=" " tag="100"><subfield code="a">Böll, Heinrich</subfield><subfield code="d">1917-1985</subfield><subfield code="0">(DE-588)118512676</subfield><subfield code="6">880-01</subfield></datafield><datafield ind1="1" ind2=" " tag="880"><subfield code="6">100-01</subfield><subfield code="a">Böll, Heinrich</subfield><subfield code="d">1917-1985</subfield><subfield code="0">(IDREF)026736381</subfield><subfield code="4">cre</subfield></datafield><datafield ind1="1" ind2="0" tag="245"><subfield code="a">Rom auf den ersten Blick</subfield><subfield code="b">Landschaften : Städte : Reisen</subfield><subfield code="c">Heinrich Böll ; mit einem Vorw. von Heinrich Vormweg</subfield></datafield><datafield ind1=" " ind2="1" tag="264"><subfield code="a">Bornheim-Merten</subfield><subfield code="b">Lamuv Verl.</subfield><subfield code="c">1987</subfield></datafield><datafield ind1=" " ind2=" " tag="300"><subfield code="a">256 S.</subfield><subfield code="c">20 cm</subfield></datafield><datafield ind1=" " ind2=" " tag="336"><subfield code="b">txt</subfield><subfield code="2">rdacontent</subfield></datafield><datafield ind1=" " ind2=" " tag="337"><subfield code="b">n</subfield><subfield code="2">rdamedia</subfield></datafield><datafield ind1=" " ind2=" " tag="338"><subfield code="b">nc</subfield><subfield code="2">rdacarrier</subfield></datafield><datafield ind1="1" ind2="0" tag="600"><subfield code="a">Böll, Heinrich</subfield><subfield code="d">1917-1985</subfield><subfield code="x">Travel</subfield><subfield code="z">Europe</subfield></datafield><datafield ind1="1" ind2="0" tag="600"><subfield code="a">Boll, Heinrich</subfield><subfield code="x">Journeys</subfield><subfield code="z">Europe</subfield></datafield><datafield ind1="1" ind2="0" tag="600"><subfield code="a">Boll, Heinrich</subfield><subfield code="x">Reise</subfield><subfield code="z">Europa</subfield></datafield><datafield ind1=" " ind2="7" tag="650"><subfield code="a">Reise</subfield><subfield code="0">(DE-588)4049275-8</subfield><subfield code="2">gnd</subfield></datafield><datafield ind1=" " ind2="0" tag="650"><subfield code="a">Authors, German</subfield><subfield code="y">20th century</subfield><subfield code="x">Travel</subfield><subfield code="z">Europe</subfield></datafield><datafield ind1=" " ind2="0" tag="650"><subfield code="a">Outeurs, Duits</subfield><subfield code="y">20ste eeu</subfield><subfield code="x">Reise</subfield><subfield code="z">Europa</subfield></datafield><datafield ind1=" " ind2="0" tag="651"><subfield code="a">Europa</subfield><subfield code="x">Reis- en algemene beskrywings</subfield></datafield><datafield ind1=" " ind2="0" tag="651"><subfield code="a">Europe</subfield><subfield code="x">Description and travel</subfield></datafield><datafield ind1=" " ind2="7" tag="655"><subfield code="a">Reisebericht</subfield><subfield code="2">gnd-content</subfield></datafield><datafield ind1=" " ind2=" " tag="690"><subfield code="a">Böll, Heinrich / Briefe</subfield><subfield code="2">uzb-Z9</subfield></datafield><datafield ind1=" " ind2=" " tag="900"><subfield code="a">IDSZRMedeaZBZ</subfield></datafield><datafield ind1=" " ind2=" " tag="900"><subfield code="a">REROnoselfmerge</subfield></datafield></record>
</metadata></record>