<record><header><identifier>oai:alma.41SLSP_UGE:991000784359705502</identifier><datestamp>2023-06-28T00:12:35Z</datestamp><setSpec>uge_cmu_RapidILL_JOURNAL</setSpec><setSpec>uge_aobs_RapidILL_JOURNAL</setSpec><setSpec>uge_aaca_RapidILL_JOURNAL</setSpec><setSpec>uge_bcen_RapidILL_JOURNAL</setSpec><setSpec>uge_abbat_RapidILL_JOURNAL</setSpec><setSpec>uge_dbu_RapidILL_JOURNAL</setSpec><setSpec>uge_mail_RapidILL_JOURNAL</setSpec><setSpec>uge_abels_RapidILL_JOURNAL</setSpec><setSpec>UNIGE_ALL</setSpec><setSpec>uge_acar_RapidILL_JOURNAL</setSpec></header><metadata>
<record xmlns="http://www.loc.gov/MARC21/slim" xmlns:xsi="http://www.w3.org/2001/XMLSchema-instance" xsi:schemaLocation="http://www.loc.gov/MARC21/slim http://www.loc.gov/standards/marcxml/schema/MARC21slim.xsd"><leader>01593nas a2200349 c 4500</leader><controlfield tag="001">991000784359705502</controlfield><controlfield tag="005">20230119191611.0</controlfield><controlfield tag="008">010124d19741997be || p|  ||| 0    0dut d</controlfield><datafield ind1=" " ind2=" " tag="022"><subfield code="a">0772-9464</subfield></datafield><datafield ind1=" " ind2=" " tag="035"><subfield code="a">(swissbib)078320976-41slsp_network</subfield></datafield><datafield ind1=" " ind2=" " tag="035"><subfield code="a">078320976</subfield><subfield code="9">ExL</subfield></datafield><datafield ind1=" " ind2=" " tag="035"><subfield code="a">(RERO)0327166-41slsp</subfield></datafield><datafield ind1=" " ind2=" " tag="035"><subfield code="a">(EXLNZ-41SLSP_NETWORK)991034515229705501</subfield></datafield><datafield ind1=" " ind2=" " tag="040"><subfield code="a">RERO</subfield><subfield code="d">CH-ZuSLS</subfield></datafield><datafield ind1="0" ind2=" " tag="041"><subfield code="a">dut</subfield><subfield code="a">eng</subfield><subfield code="a">fre</subfield></datafield><datafield ind1=" " ind2="7" tag="072"><subfield code="a">st</subfield><subfield code="2">rero</subfield></datafield><datafield ind1="0" ind2="0" tag="245"><subfield code="a">Bulletin de la Société belge de géologie</subfield><subfield code="b">périodique trimestriel = Bulletin van de Belgische Vereniging voor Geologie : driemaandelijks tijdschrift</subfield></datafield><datafield ind1="1" ind2=" " tag="246"><subfield code="a">Bulletin van de Belgische Vereniging voor Geologie</subfield></datafield><datafield ind1="1" ind2=" " tag="246"><subfield code="a">Géologie</subfield></datafield><datafield ind1=" " ind2="1" tag="264"><subfield code="a">Bruxelles</subfield><subfield code="b">Société belge de géologie</subfield></datafield><datafield ind1=" " ind2=" " tag="300"><subfield code="c">24 cm [puis] 30 cm</subfield></datafield><datafield ind1=" " ind2=" " tag="336"><subfield code="b">txt</subfield><subfield code="2">rdacontent</subfield></datafield><datafield ind1=" " ind2=" " tag="337"><subfield code="b">n</subfield><subfield code="2">rdamedia</subfield></datafield><datafield ind1=" " ind2=" " tag="338"><subfield code="b">nc</subfield><subfield code="2">rdacarrier</subfield></datafield><datafield ind1="0" ind2=" " tag="362"><subfield code="a">T. 83(1974) - 106(1997)</subfield></datafield><datafield ind1=" " ind2=" " tag="500"><subfield code="a">La couv. porte : GÉOLOGIE</subfield></datafield><datafield ind1=" " ind2=" " tag="580"><subfield code="a">Fait suite à: Bulletin de la Société belge de géologie, de paléontologie et d'hydrologie = Bulletin van de Belgische Vereniging voor Geologie, Paleontologie en Hydrologie. Devient par fusion: Geologica Belgica</subfield></datafield><datafield ind1=" " ind2="7" tag="650"><subfield code="a">Géologie</subfield><subfield code="0">(IDREF)027227987</subfield><subfield code="2">idref</subfield></datafield><datafield ind1=" " ind2="7" tag="655"><subfield code="a">Périodiques</subfield><subfield code="0">(IDREF)02724640X</subfield><subfield code="2">idref</subfield></datafield><datafield ind1="2" ind2=" " tag="710"><subfield code="a">Société belge de géologie</subfield><subfield code="g">1973-1998</subfield><subfield code="0">(IDREF)095057366</subfield></datafield><datafield ind1="0" ind2="0" tag="780"><subfield code="t">Bulletin de la Société belge de géologie, de paléontologie et d'hydrologie = Bulletin van de Belgische Vereniging voor Geologie, Paleontologie en Hydrologie</subfield><subfield code="w">(RERO)0327165-41slsp</subfield></datafield><datafield ind1="0" ind2="0" tag="785"><subfield code="t">Geologica Belgica</subfield><subfield code="w">(RERO)R276875060-41slsp</subfield></datafield><datafield ind1=" " ind2=" " tag="900"><subfield code="a">REROnoselfmerge</subfield></datafield></record>
</metadata></record>