<record><header><identifier>oai:alma.41SLSP_UGE:991000784889705502</identifier><datestamp>2023-03-01T01:10:09Z</datestamp><setSpec>uge_bcen_RapidILL_BOOK</setSpec><setSpec>uge_aaca_RapidILL_BOOK</setSpec><setSpec>uge_abels_RapidILL_BOOK</setSpec><setSpec>uge_dbu_RapidILL_BOOK</setSpec><setSpec>uge_cmu_RapidILL_BOOK</setSpec><setSpec>uge_mail_RapidILL_BOOK</setSpec><setSpec>UNIGE_ALL</setSpec><setSpec>uge_abbat_RapidILL_BOOK</setSpec><setSpec>uge_aobs_RapidILL_BOOK</setSpec><setSpec>uge_acar_RapidILL_BOOK</setSpec></header><metadata>
<record xmlns="http://www.loc.gov/MARC21/slim" xmlns:xsi="http://www.w3.org/2001/XMLSchema-instance" xsi:schemaLocation="http://www.loc.gov/MARC21/slim http://www.loc.gov/standards/marcxml/schema/MARC21slim.xsd"><leader>01069nam a2200313 c 4500</leader><controlfield tag="001">991000784889705502</controlfield><controlfield tag="005">20201225180350.0</controlfield><controlfield tag="008">870506s1978    fr ||||| |||| 00| ||fre d</controlfield><datafield ind1=" " ind2=" " tag="020"><subfield code="a">2704332231</subfield><subfield code="q">OCDL</subfield></datafield><datafield ind1=" " ind2=" " tag="020"><subfield code="z">271010071</subfield><subfield code="q">ESF</subfield></datafield><datafield ind1=" " ind2=" " tag="035"><subfield code="a">(swissbib)081731035-41slsp_network</subfield></datafield><datafield ind1=" " ind2=" " tag="035"><subfield code="a">081731035</subfield><subfield code="9">ExL</subfield></datafield><datafield ind1=" " ind2=" " tag="035"><subfield code="a">(RERO)0838788-41slsp</subfield></datafield><datafield ind1=" " ind2=" " tag="035"><subfield code="a">(EXLNZ-41SLSP_NETWORK)991032660289705501</subfield></datafield><datafield ind1=" " ind2=" " tag="040"><subfield code="a">RERO frbcuc</subfield><subfield code="d">CH-ZuSLS</subfield></datafield><datafield ind1=" " ind2="7" tag="072"><subfield code="a">pe</subfield><subfield code="2">rero</subfield></datafield><datafield ind1=" " ind2="7" tag="072"><subfield code="a">lg</subfield><subfield code="2">rero</subfield></datafield><datafield ind1="1" ind2=" " tag="080"><subfield code="a">372.10</subfield></datafield><datafield ind1="1" ind2=" " tag="100"><subfield code="a">Lentin, Laurence</subfield><subfield code="d">1920-2013</subfield><subfield code="0">(IDREF)026983389</subfield><subfield code="4">cre</subfield></datafield><datafield ind1="1" ind2="0" tag="245"><subfield code="a">Comment apprendre à parler à l'enfant</subfield><subfield code="b">aperçu d'une expérience en cours</subfield><subfield code="c">Laurence Lentin</subfield></datafield><datafield ind1=" " ind2=" " tag="250"><subfield code="a">6ème éd. revue</subfield></datafield><datafield ind1=" " ind2="1" tag="264"><subfield code="a">Paris</subfield><subfield code="b">OCDL</subfield><subfield code="b">Les Ed. ESF</subfield><subfield code="c">1978</subfield></datafield><datafield ind1=" " ind2=" " tag="300"><subfield code="a">163 p.</subfield><subfield code="b">ill</subfield></datafield><datafield ind1=" " ind2=" " tag="336"><subfield code="b">txt</subfield><subfield code="2">rdacontent</subfield></datafield><datafield ind1=" " ind2=" " tag="337"><subfield code="b">n</subfield><subfield code="2">rdamedia</subfield></datafield><datafield ind1=" " ind2=" " tag="338"><subfield code="b">nc</subfield><subfield code="2">rdacarrier</subfield></datafield><datafield ind1="1" ind2=" " tag="490"><subfield code="a">Apprendre à parler / Laurence Lentin</subfield><subfield code="v">t. 2</subfield></datafield><datafield ind1=" " ind2=" " tag="500"><subfield code="a">Tome 2 d'une série de 3 ouvrages: tome 1: &quot;Apprendre à parler&quot;, tome 3: &quot;Du parler au lire&quot;</subfield></datafield><datafield ind1="1" ind2=" " tag="800"><subfield code="a">Lentin, Laurence</subfield><subfield code="t">[Apprendre à parler]</subfield><subfield code="v">2</subfield></datafield><datafield ind1=" " ind2=" " tag="900"><subfield code="a">REROnoselfmerge</subfield></datafield></record>
</metadata></record>