<record><header><identifier>oai:alma.41SLSP_UGE:991000784469705502</identifier><datestamp>2024-10-31T01:15:29Z</datestamp><setSpec>uge_cmu_RapidILL_JOURNAL</setSpec><setSpec>uge_aobs_RapidILL_JOURNAL</setSpec><setSpec>uge_aaca_RapidILL_JOURNAL</setSpec><setSpec>uge_bcen_RapidILL_JOURNAL</setSpec><setSpec>uge_abbat_RapidILL_JOURNAL</setSpec><setSpec>uge_mail_RapidILL_JOURNAL</setSpec><setSpec>uge_dbu_RapidILL_JOURNAL</setSpec><setSpec>uge_abels_RapidILL_JOURNAL</setSpec><setSpec>UNIGE_ALL</setSpec><setSpec>uge_acar_RapidILL_JOURNAL</setSpec></header><metadata>
<record xmlns="http://www.loc.gov/MARC21/slim" xmlns:xsi="http://www.w3.org/2001/XMLSchema-instance" xsi:schemaLocation="http://www.loc.gov/MARC21/slim http://www.loc.gov/standards/marcxml/schema/MARC21slim.xsd"><leader>02734nas a2200457 c 4500</leader><controlfield tag="001">991000784469705502</controlfield><controlfield tag="005">20241030222159.0</controlfield><controlfield tag="008">000717d17991800sz || p|  ||| 0    0fre d</controlfield><datafield ind1=" " ind2=" " tag="035"><subfield code="a">(swissbib)07720736X-41slsp_network</subfield></datafield><datafield ind1=" " ind2=" " tag="035"><subfield code="a">07720736X</subfield><subfield code="9">ExL</subfield></datafield><datafield ind1=" " ind2=" " tag="035"><subfield code="a">(RERO)0133688-41slsp</subfield></datafield><datafield ind1=" " ind2=" " tag="035"><subfield code="a">(EXLNZ-41SLSP_NETWORK)991028098209705501</subfield></datafield><datafield ind1=" " ind2=" " tag="040"><subfield code="a">RERO labcur</subfield><subfield code="d">CH-ZuSLS</subfield></datafield><datafield ind1=" " ind2=" " tag="044"><subfield code="a">sz</subfield><subfield code="c">ch-vd</subfield></datafield><datafield ind1=" " ind2="7" tag="072"><subfield code="a">dr</subfield><subfield code="2">rero</subfield></datafield><datafield ind1=" " ind2=" " tag="084"><subfield code="a">CA/CH 9.0 f</subfield><subfield code="2">cjurrom</subfield></datafield><datafield ind1="0" ind2="0" tag="245"><subfield code="a">Bulletin des arrêtés et proclamations du directoire exécutif de la République helvétique</subfield></datafield><datafield ind1="1" ind2=" " tag="246"><subfield code="a">Recueil helvétique</subfield></datafield><datafield ind1=" " ind2="1" tag="264"><subfield code="a">Lausanne</subfield><subfield code="b">De l'Impr. de H.E. Vincent</subfield><subfield code="c">[1800]</subfield></datafield><datafield ind1=" " ind2=" " tag="300"><subfield code="c">19 cm</subfield></datafield><datafield ind1=" " ind2=" " tag="336"><subfield code="b">txt</subfield><subfield code="2">rdacontent</subfield></datafield><datafield ind1=" " ind2=" " tag="337"><subfield code="b">n</subfield><subfield code="2">rdamedia</subfield></datafield><datafield ind1=" " ind2=" " tag="338"><subfield code="b">nc</subfield><subfield code="2">rdacarrier</subfield></datafield><datafield ind1="0" ind2=" " tag="362"><subfield code="a">[Cahier 1](1799/1800)</subfield></datafield><datafield ind1=" " ind2=" " tag="500"><subfield code="a">Connu sous le titre: Recueil helvétique</subfield></datafield><datafield ind1=" " ind2=" " tag="500"><subfield code="a">Pour une concordance avec les t. 1 à 9 de l'&quot;Actensammlung aus der Zeit der Helvetischen Republik (1798-1803)&quot; voir &quot;Delvaux, Pascal: La République en papier&quot; t. 2, p. 317-350</subfield></datafield><datafield ind1="4" ind2=" " tag="510"><subfield code="a">Delvaux, Pascal: La République en papier. - T. II, p. 1-44</subfield></datafield><datafield ind1=" " ind2=" " tag="580"><subfield code="a">Fait suite à: Bulletin des lois et décrets du Corps législatif, avec les arrêtś et proclamations du Directoire exécutif de la République Helvétique. Devient: Bulletin des arrêtés et proclamations du Pouvoir exécutif de la République Helvétique</subfield></datafield><datafield ind1=" " ind2=" " tag="580"><subfield code="a">Ed. en allemand: Tageblatt der Gesetze und Dekrete der gesetzgebenden Räthe der helvetischen Republik</subfield></datafield><datafield ind1=" " ind2=" " tag="580"><subfield code="a">Ed. en italien: Bullettino delle leggi e decreti del corpo legislativo della Repubblica Elvetica</subfield></datafield><datafield ind1=" " ind2="7" tag="650"><subfield code="a">Droit</subfield><subfield code="0">(IDREF)027466868</subfield><subfield code="2">idref</subfield></datafield><datafield ind1=" " ind2="7" tag="650"><subfield code="a">Lois</subfield><subfield code="0">(IDREF)028704002</subfield><subfield code="2">idref</subfield></datafield><datafield ind1=" " ind2="7" tag="651"><subfield code="a">Suisse</subfield><subfield code="0">(IDREF)027249654</subfield><subfield code="2">idref</subfield></datafield><datafield ind1=" " ind2="7" tag="651"><subfield code="a">Suisse</subfield><subfield code="y">1798-1803 (République helvétique)</subfield><subfield code="0">(IDREF)028135903</subfield><subfield code="2">idref</subfield></datafield><datafield ind1=" " ind2="7" tag="655"><subfield code="a">[texte législatif]</subfield><subfield code="2">rerovoc</subfield><subfield code="0">(RERO)A009950157</subfield></datafield><datafield ind1="1" ind2="2" tag="710"><subfield code="a">Suisse</subfield><subfield code="t">Lois et arrêtés</subfield></datafield><datafield ind1="0" ind2=" " tag="775"><subfield code="t">Tageblatt der Gesetze und Dekrete der gesetzgebenden Räthe der helvetischen Republik</subfield><subfield code="w">(RERO)2082427-41slsp</subfield></datafield><datafield ind1="0" ind2=" " tag="775"><subfield code="t">Bullettino delle leggi e decreti del corpo legislativo della Repubblica Elvetica</subfield><subfield code="w">(RERO)1359112-41slsp</subfield></datafield><datafield ind1="0" ind2="8" tag="776"><subfield code="i">Publié également comme</subfield><subfield code="n">édition en ligne</subfield><subfield code="t">Bulletin des arrêtés et proclamations du directoire exécutif de la République helvétique</subfield><subfield code="w">991171972857805501</subfield></datafield><datafield ind1="0" ind2="0" tag="780"><subfield code="t">Bulletin des lois et décrets du corps législatif, avec les arrêtés et proclamations du directoire exécutif de la République helvétique</subfield><subfield code="w">(RERO)0133687-41slsp</subfield></datafield><datafield ind1="0" ind2="0" tag="785"><subfield code="t">Bulletin des arrêtés et proclamations du pouvoir exécutif de la République helvétique</subfield><subfield code="w">(RERO)0133689-41slsp</subfield></datafield><datafield ind1="4" ind2="1" tag="856"><subfield code="u">http://books.google.ch/books?vid=BCUL1094738835</subfield><subfield code="z">1799-1800/1</subfield><subfield code="z">Googlos 2007-2009</subfield></datafield></record>
</metadata></record>