<record><header><identifier>oai:alma.41SLSP_UGE:991000784349705502</identifier><datestamp>2023-03-01T01:10:10Z</datestamp><setSpec>uge_cmu_RapidILL_JOURNAL</setSpec><setSpec>uge_aobs_RapidILL_JOURNAL</setSpec><setSpec>uge_aaca_RapidILL_JOURNAL</setSpec><setSpec>uge_bcen_RapidILL_JOURNAL</setSpec><setSpec>uge_abbat_RapidILL_JOURNAL</setSpec><setSpec>uge_mail_RapidILL_JOURNAL</setSpec><setSpec>uge_dbu_RapidILL_JOURNAL</setSpec><setSpec>UNIGE_ALL</setSpec><setSpec>uge_abels_RapidILL_JOURNAL</setSpec><setSpec>uge_acar_RapidILL_JOURNAL</setSpec></header><metadata>
<record xmlns="http://www.loc.gov/MARC21/slim" xmlns:xsi="http://www.w3.org/2001/XMLSchema-instance" xsi:schemaLocation="http://www.loc.gov/MARC21/slim http://www.loc.gov/standards/marcxml/schema/MARC21slim.xsd"><leader>02009nas a2200517 c 4500</leader><controlfield tag="001">991000784349705502</controlfield><controlfield tag="005">20201229223741.0</controlfield><controlfield tag="008">201011d20012004xxu|| p|  ||| 0    0eng d</controlfield><datafield ind1=" " ind2=" " tag="022"><subfield code="a">1536-8599</subfield></datafield><datafield ind1=" " ind2=" " tag="022"><subfield code="a">1557-8097</subfield></datafield><datafield ind1=" " ind2=" " tag="035"><subfield code="a">(swissbib)216667046-41slsp_network</subfield></datafield><datafield ind1=" " ind2=" " tag="035"><subfield code="a">216667046</subfield><subfield code="9">ExL</subfield></datafield><datafield ind1=" " ind2=" " tag="035"><subfield code="a">(RERO)R004406047-41slsp</subfield></datafield><datafield ind1=" " ind2=" " tag="035"><subfield code="a">(NEBIS)004251672EBI01</subfield></datafield><datafield ind1=" " ind2=" " tag="035"><subfield code="a">(EXLNZ-41SLSP_NETWORK)991049687079705501</subfield></datafield><datafield ind1=" " ind2=" " tag="040"><subfield code="a">RERO geucmu</subfield><subfield code="d">CH-ZuSLS</subfield></datafield><datafield ind1=" " ind2="7" tag="072"><subfield code="a">me</subfield><subfield code="2">rero</subfield></datafield><datafield ind1="0" ind2="4" tag="082"><subfield code="a">616.07905</subfield><subfield code="2">21</subfield></datafield><datafield ind1="1" ind2="0" tag="210"><subfield code="a">Hybrid Hybridomics</subfield></datafield><datafield ind1="0" ind2="0" tag="245"><subfield code="a">Hybridoma and hybridomics</subfield></datafield><datafield ind1=" " ind2="1" tag="264"><subfield code="a">Larchmont, NY</subfield><subfield code="b">Mary Ann Liebert, Inc.</subfield></datafield><datafield ind1=" " ind2=" " tag="300"><subfield code="a">Bände</subfield></datafield><datafield ind1=" " ind2=" " tag="310"><subfield code="a">Six no. a year</subfield></datafield><datafield ind1=" " ind2=" " tag="336"><subfield code="b">txt</subfield><subfield code="2">rdacontent</subfield></datafield><datafield ind1=" " ind2=" " tag="337"><subfield code="b">n</subfield><subfield code="2">rdamedia</subfield></datafield><datafield ind1=" " ind2=" " tag="338"><subfield code="b">nc</subfield><subfield code="2">rdacarrier</subfield></datafield><datafield ind1="0" ind2=" " tag="362"><subfield code="a">Vol. 20, no. 5/6 (2001)-vol. 23, no. 6 (2004)</subfield></datafield><datafield ind1=" " ind2=" " tag="500"><subfield code="a">Früherer Erscheinungsort: New York, NY</subfield></datafield><datafield ind1=" " ind2=" " tag="580"><subfield code="a">Fait suite à: Hybridoma : a journal of molecular immunology and experimental and clinical immunotherapy</subfield></datafield><datafield ind1=" " ind2=" " tag="580"><subfield code="a">Devient: Hybridoma (Larchmt)</subfield></datafield><datafield ind1=" " ind2="2" tag="650"><subfield code="a">Hybridomas</subfield></datafield><datafield ind1=" " ind2="7" tag="650"><subfield code="a">Immunologie</subfield><subfield code="2">idszbz</subfield></datafield><datafield ind1=" " ind2="7" tag="650"><subfield code="a">Immuntherapie</subfield><subfield code="2">idszbz</subfield></datafield><datafield ind1=" " ind2="0" tag="650"><subfield code="a">Immunotherapy</subfield><subfield code="v">Periodicals</subfield></datafield><datafield ind1=" " ind2="0" tag="650"><subfield code="a">Molecular immunology</subfield><subfield code="v">Periodicals</subfield></datafield><datafield ind1=" " ind2="7" tag="650"><subfield code="a">IMMUNPHARMAKOLOGIE + IMMUNTHERAPIE + IMMUNPROPHYLAXE + IMMUNOLOGISCHE PRÄPARATE</subfield><subfield code="9">ger</subfield><subfield code="0">(ETHUDK)000026787</subfield><subfield code="2">ethudk</subfield></datafield><datafield ind1=" " ind2="7" tag="650"><subfield code="a">MEDIZINISCHE BIOCHEMIE + MEDIZINISCHE MOLEKULARBIOLOGIE</subfield><subfield code="9">ger</subfield><subfield code="0">(ETHUDK)000021734</subfield><subfield code="2">ethudk</subfield></datafield><datafield ind1=" " ind2="7" tag="650"><subfield code="a">MONOKLONALE ANTIKÖRPER (IMMUNOLOGISCHE TECHNIKEN)</subfield><subfield code="9">ger</subfield><subfield code="0">(ETHUDK)000038652</subfield><subfield code="2">ethudk</subfield></datafield><datafield ind1=" " ind2="2" tag="655"><subfield code="a">Periodical</subfield></datafield><datafield ind1=" " ind2="7" tag="655"><subfield code="a">Zeitschrift</subfield><subfield code="2">gnd-content</subfield></datafield><datafield ind1=" " ind2="7" tag="655"><subfield code="a">Zeitschrift</subfield><subfield code="2">idszbz</subfield></datafield><datafield ind1="0" ind2="0" tag="785"><subfield code="t">Hybridoma (Larchmt)</subfield></datafield><datafield ind1="0" ind2="0" tag="780"><subfield code="t">Hybridoma : a journal of molecular immunology and experimental and clinical immunotherapy</subfield><subfield code="w">(RERO)0717793-41slsp</subfield></datafield><datafield ind1="0" ind2="0" tag="780"><subfield code="t">Hybridoma</subfield><subfield code="w">(NEBIS)001453368EBI01</subfield></datafield><datafield ind1=" " ind2=" " tag="900"><subfield code="a">REROnoselfmerge</subfield></datafield><datafield ind1=" " ind2=" " tag="900"><subfield code="a">IDSZ2zbzzss200201e</subfield><subfield code="c">IDSZ2muew</subfield><subfield code="d">IDSZ2zbzswk200502b</subfield><subfield code="e">IDSZ2lehh</subfield></datafield><datafield ind1=" " ind2=" " tag="900"><subfield code="a">NEBISnoselfmerge</subfield></datafield></record>
</metadata></record>