<record><header><identifier>oai:alma.41SLSP_UGE:991000784449705502</identifier><datestamp>2023-03-28T00:13:07Z</datestamp><setSpec>uge_bcen_RapidILL_BOOK</setSpec><setSpec>uge_aaca_RapidILL_BOOK</setSpec><setSpec>uge_abels_RapidILL_BOOK</setSpec><setSpec>uge_dbu_RapidILL_BOOK</setSpec><setSpec>uge_cmu_RapidILL_BOOK</setSpec><setSpec>uge_mail_RapidILL_BOOK</setSpec><setSpec>uge_abbat_RapidILL_BOOK</setSpec><setSpec>UNIGE_ALL</setSpec><setSpec>uge_acar_RapidILL_BOOK</setSpec><setSpec>uge_aobs_RapidILL_BOOK</setSpec></header><metadata>
<record xmlns="http://www.loc.gov/MARC21/slim" xmlns:xsi="http://www.w3.org/2001/XMLSchema-instance" xsi:schemaLocation="http://www.loc.gov/MARC21/slim http://www.loc.gov/standards/marcxml/schema/MARC21slim.xsd"><leader>01885nam a2200409 c 4500</leader><controlfield tag="001">991000784449705502</controlfield><controlfield tag="005">20230327183154.0</controlfield><controlfield tag="008">201011s1992    fr ||||| |||| 00| ||fre d</controlfield><datafield ind1=" " ind2=" " tag="020"><subfield code="a">2908470039</subfield></datafield><datafield ind1="7" ind2=" " tag="024"><subfield code="a">http://catalogue.bnf.fr/ark:/12148/cb35563174q</subfield><subfield code="2">uri</subfield></datafield><datafield ind1=" " ind2=" " tag="035"><subfield code="a">(swissbib)231280580-41slsp_network</subfield></datafield><datafield ind1=" " ind2=" " tag="035"><subfield code="a">231280580</subfield><subfield code="9">ExL</subfield></datafield><datafield ind1=" " ind2=" " tag="035"><subfield code="a">(RERO)1646606-41slsp</subfield></datafield><datafield ind1=" " ind2=" " tag="035"><subfield code="a">(NEBIS)007842639EBI01</subfield></datafield><datafield ind1=" " ind2=" " tag="035"><subfield code="a">(EXLNZ-41SLSP_NETWORK)991035921249705501</subfield></datafield><datafield ind1=" " ind2=" " tag="040"><subfield code="a">RERO geuses</subfield><subfield code="d">CH-ZuSLS</subfield></datafield><datafield ind1=" " ind2="7" tag="072"><subfield code="a">pe</subfield><subfield code="2">rero</subfield></datafield><datafield ind1="1" ind2=" " tag="100"><subfield code="a">Moracchini, Charles</subfield><subfield code="0">(IDREF)032044933</subfield><subfield code="4">cre</subfield></datafield><datafield ind1="1" ind2="0" tag="245"><subfield code="a">Système éducatif et espaces fragiles</subfield><subfield code="b">les collèges dans les montagnes d'Auvergne</subfield><subfield code="c">Charles Moracchini ; Centre d'études et de recherches appliquées au Massif central, à la moyenne montagne et aux espaces fragiles</subfield></datafield><datafield ind1=" " ind2="1" tag="264"><subfield code="a">Clermont-Ferrand</subfield><subfield code="b">CERAMAC</subfield><subfield code="c">1992</subfield></datafield><datafield ind1=" " ind2=" " tag="300"><subfield code="a">255 S.</subfield><subfield code="b">Fig., Kartensk.</subfield><subfield code="e">1 Beil. (Folie)</subfield></datafield><datafield ind1=" " ind2=" " tag="336"><subfield code="b">txt</subfield><subfield code="2">rdacontent</subfield></datafield><datafield ind1=" " ind2=" " tag="337"><subfield code="b">n</subfield><subfield code="2">rdamedia</subfield></datafield><datafield ind1=" " ind2=" " tag="338"><subfield code="b">nc</subfield><subfield code="2">rdacarrier</subfield></datafield><datafield ind1="1" ind2=" " tag="490"><subfield code="a">CERAMAC</subfield><subfield code="v">4</subfield></datafield><datafield ind1=" " ind2=" " tag="500"><subfield code="a">4e ouvrage publié par le CERAMAC</subfield></datafield><datafield ind1=" " ind2="7" tag="650"><subfield code="a">Éducation</subfield><subfield code="0">(IDREF)027555100</subfield><subfield code="2">idref</subfield></datafield><datafield ind1=" " ind2="7" tag="650"><subfield code="a">Enseignement</subfield><subfield code="0">(IDREF)027264998</subfield><subfield code="2">idref</subfield></datafield><datafield ind1=" " ind2="7" tag="650"><subfield code="a">1945-1992</subfield><subfield code="2">rero</subfield></datafield><datafield ind1=" " ind2="7" tag="650"><subfield code="a">Collèges</subfield><subfield code="0">(IDREF)027291162</subfield><subfield code="2">idref</subfield></datafield><datafield ind1=" " ind2="7" tag="651"><subfield code="a">Auvergne (France)</subfield><subfield code="0">(IDREF)027631869</subfield><subfield code="2">idref</subfield></datafield><datafield ind1=" " ind2=" " tag="690"><subfield code="a">113c</subfield><subfield code="d">Bildung, Kulturelle Einrichtungen (Schulen, Kirchen, Museen)</subfield><subfield code="2">uzb-UJ</subfield></datafield><datafield ind1=" " ind2=" " tag="690"><subfield code="a">124d</subfield><subfield code="d">Regionale Disparitäten (inkl. Raumstruktur, Infrastruktur)</subfield><subfield code="2">uzb-UJ</subfield></datafield><datafield ind1=" " ind2=" " tag="690"><subfield code="a">315-12</subfield><subfield code="d">Grossbritannien: Wirtschaftsgeographie, Planung</subfield><subfield code="2">uzb-UJ</subfield></datafield><datafield ind1=" " ind2=" " tag="690"><subfield code="a">308h</subfield><subfield code="d">Auvergne: Allier, Cantal, Haute-Loire, Puy-de-Dôme</subfield><subfield code="2">uzb-UJ</subfield></datafield><datafield ind1="2" ind2=" " tag="710"><subfield code="a">Université de Clermont-Ferrand 2</subfield><subfield code="b">Centre d'études et de recherches appliquées au Massif Central, à la moyenne montagne et aux espaces défavorisés</subfield><subfield code="0">(RERO)A000188274</subfield></datafield><datafield ind1=" " ind2="0" tag="830"><subfield code="a">Ceramac</subfield><subfield code="v">4</subfield><subfield code="w">(NEBIS)001673610EBI01</subfield></datafield><datafield ind1=" " ind2=" " tag="900"><subfield code="a">REROnoselfmerge</subfield></datafield></record>
</metadata></record>