<record><header><identifier>oai:alma.41SLSP_UGE:991000784659705502</identifier><datestamp>2023-03-01T01:10:10Z</datestamp><setSpec>uge_bcen_RapidILL_BOOK</setSpec><setSpec>uge_aaca_RapidILL_BOOK</setSpec><setSpec>uge_abels_RapidILL_BOOK</setSpec><setSpec>uge_dbu_RapidILL_BOOK</setSpec><setSpec>uge_cmu_RapidILL_BOOK</setSpec><setSpec>uge_mail_RapidILL_BOOK</setSpec><setSpec>UNIGE_ALL</setSpec><setSpec>uge_abbat_RapidILL_BOOK</setSpec><setSpec>uge_aobs_RapidILL_BOOK</setSpec><setSpec>uge_acar_RapidILL_BOOK</setSpec></header><metadata>
<record xmlns="http://www.loc.gov/MARC21/slim" xmlns:xsi="http://www.w3.org/2001/XMLSchema-instance" xsi:schemaLocation="http://www.loc.gov/MARC21/slim http://www.loc.gov/standards/marcxml/schema/MARC21slim.xsd"><leader>00956nam a2200277 c 4500</leader><controlfield tag="001">991000784659705502</controlfield><controlfield tag="005">20230130183639.0</controlfield><controlfield tag="008">070131s2006    sz ||||| m||| 00| ||fre d</controlfield><datafield ind1=" " ind2=" " tag="035"><subfield code="a">(swissbib)104690313-41slsp_network</subfield></datafield><datafield ind1=" " ind2=" " tag="035"><subfield code="a">104690313</subfield><subfield code="9">ExL</subfield></datafield><datafield ind1=" " ind2=" " tag="035"><subfield code="a">(RERO)R004320371-41slsp</subfield></datafield><datafield ind1=" " ind2=" " tag="035"><subfield code="a">(EXLNZ-41SLSP_NETWORK)991012936229705501</subfield></datafield><datafield ind1=" " ind2=" " tag="040"><subfield code="a">RERO geulfr</subfield><subfield code="d">CH-ZuSLS</subfield></datafield><datafield ind1=" " ind2=" " tag="044"><subfield code="a">sz</subfield><subfield code="c">ch-ge</subfield></datafield><datafield ind1=" " ind2="7" tag="072"><subfield code="a">fr</subfield><subfield code="2">rero</subfield></datafield><datafield ind1="1" ind2=" " tag="100"><subfield code="a">Cennamo, Laurent</subfield><subfield code="d">1980-....</subfield><subfield code="0">(IDREF)223789542</subfield><subfield code="4">cre</subfield></datafield><datafield ind1="1" ind2="0" tag="245"><subfield code="a">&quot;L'espace aux ombres&quot;</subfield><subfield code="b">les récits de rêve de Philippe Jaccottet</subfield><subfield code="c">Laurent Cennamo</subfield></datafield><datafield ind1=" " ind2="1" tag="264"><subfield code="a">Genève</subfield><subfield code="b">[éditeur non identifié]</subfield><subfield code="c">2006</subfield></datafield><datafield ind1=" " ind2=" " tag="300"><subfield code="a">92 f.</subfield></datafield><datafield ind1=" " ind2=" " tag="336"><subfield code="b">txt</subfield><subfield code="2">rdacontent</subfield></datafield><datafield ind1=" " ind2=" " tag="337"><subfield code="b">n</subfield><subfield code="2">rdamedia</subfield></datafield><datafield ind1=" " ind2=" " tag="338"><subfield code="b">nc</subfield><subfield code="2">rdacarrier</subfield></datafield><datafield ind1=" " ind2=" " tag="502"><subfield code="a">Mémoire de licence lettres Genève, 2006</subfield></datafield><datafield ind1="1" ind2="7" tag="600"><subfield code="a">Jaccottet, Philippe</subfield><subfield code="d">1925-2021</subfield><subfield code="0">(IDREF)027593479</subfield><subfield code="2">idref</subfield></datafield><datafield ind1=" " ind2="7" tag="650"><subfield code="a">récit de rêve</subfield><subfield code="0">(RERO)A010023529</subfield><subfield code="2">rerovoc</subfield></datafield><datafield ind1=" " ind2="7" tag="650"><subfield code="a">Poésie</subfield><subfield code="0">(IDREF)027247465</subfield><subfield code="2">idref</subfield></datafield><datafield ind1=" " ind2=" " tag="900"><subfield code="a">REROnoselfmerge</subfield></datafield></record>
</metadata></record>