<record><header><identifier>oai:alma.41SLSP_UGE:991000784139705502</identifier><datestamp>2023-03-01T01:10:10Z</datestamp><setSpec>uge_bcen_RapidILL_BOOK</setSpec><setSpec>uge_aaca_RapidILL_BOOK</setSpec><setSpec>uge_abels_RapidILL_BOOK</setSpec><setSpec>uge_dbu_RapidILL_BOOK</setSpec><setSpec>uge_cmu_RapidILL_BOOK</setSpec><setSpec>uge_mail_RapidILL_BOOK</setSpec><setSpec>UNIGE_ALL</setSpec><setSpec>uge_abbat_RapidILL_BOOK</setSpec><setSpec>uge_aobs_RapidILL_BOOK</setSpec><setSpec>uge_acar_RapidILL_BOOK</setSpec></header><metadata>
<record xmlns="http://www.loc.gov/MARC21/slim" xmlns:xsi="http://www.w3.org/2001/XMLSchema-instance" xsi:schemaLocation="http://www.loc.gov/MARC21/slim http://www.loc.gov/standards/marcxml/schema/MARC21slim.xsd"><leader>01341nam a2200337 ca4500</leader><controlfield tag="001">991000784139705502</controlfield><controlfield tag="005">20201230212928.0</controlfield><controlfield tag="008">201011s1913    xxk||||| |||| 10| ||eng d</controlfield><datafield ind1="7" ind2=" " tag="024"><subfield code="a">http://catalogue.bnf.fr/ark:/12148/cb37265166b</subfield><subfield code="2">uri</subfield></datafield><datafield ind1=" " ind2=" " tag="035"><subfield code="a">(swissbib)226410676-41slsp_network</subfield></datafield><datafield ind1=" " ind2=" " tag="035"><subfield code="a">226410676</subfield><subfield code="9">ExL</subfield></datafield><datafield ind1=" " ind2=" " tag="035"><subfield code="a">(RERO)R257745860-41slsp</subfield></datafield><datafield ind1=" " ind2=" " tag="035"><subfield code="a">(IDSBB)003993782DSV01</subfield></datafield><datafield ind1=" " ind2=" " tag="035"><subfield code="a">(EXLNZ-41SLSP_NETWORK)991022911719705501</subfield></datafield><datafield ind1=" " ind2=" " tag="040"><subfield code="a">RERO geussm</subfield><subfield code="d">CH-ZuSLS</subfield></datafield><datafield ind1=" " ind2="7" tag="072"><subfield code="a">ma</subfield><subfield code="2">rero</subfield></datafield><datafield ind1=" " ind2=" " tag="084"><subfield code="a">00.40</subfield><subfield code="2">msc</subfield></datafield><datafield ind1="0" ind2="0" tag="245"><subfield code="a">Proceedings of the fifth International Congress of Mathematicians</subfield><subfield code="b">(Cambridge, 22-28 August 1912)</subfield><subfield code="c">ed. by E.W. Hobson and A.E.H. Love</subfield></datafield><datafield ind1=" " ind2="1" tag="264"><subfield code="a">Cambridge</subfield><subfield code="b">At the University Press</subfield><subfield code="c">1913</subfield></datafield><datafield ind1=" " ind2=" " tag="300"><subfield code="a">2 vol.</subfield><subfield code="b">ill.</subfield><subfield code="c">27 cm</subfield></datafield><datafield ind1=" " ind2=" " tag="336"><subfield code="b">txt</subfield><subfield code="2">rdacontent</subfield></datafield><datafield ind1=" " ind2=" " tag="337"><subfield code="b">n</subfield><subfield code="2">rdamedia</subfield></datafield><datafield ind1=" " ind2=" " tag="338"><subfield code="b">nc</subfield><subfield code="2">rdacarrier</subfield></datafield><datafield ind1=" " ind2=" " tag="500"><subfield code="a">Congrès de mathématiques. Cambridge. 1912</subfield></datafield><datafield ind1=" " ind2=" " tag="500"><subfield code="a">Kongress vom 22. - 28. August 1912 in Cambridge</subfield></datafield><datafield ind1=" " ind2="7" tag="655"><subfield code="a">Konferenzschrift</subfield><subfield code="z">Cambridge</subfield><subfield code="y">1912</subfield><subfield code="2">gnd-content</subfield></datafield><datafield ind1="1" ind2=" " tag="700"><subfield code="a">Hobson, E. W.</subfield><subfield code="d">1856-1933</subfield><subfield code="0">(DE-588)116918322</subfield></datafield><datafield ind1="1" ind2=" " tag="700"><subfield code="a">Hobson, Ernest William</subfield><subfield code="d">1856-1933</subfield><subfield code="0">(IDREF)032337949</subfield></datafield><datafield ind1="2" ind2=" " tag="711"><subfield code="a">International Congress of Mathematicians</subfield><subfield code="0">(DE-588)6124-4</subfield></datafield><datafield ind1="2" ind2=" " tag="711"><subfield code="a">Congrès international des mathématiciens</subfield><subfield code="n">5</subfield><subfield code="d">1912</subfield><subfield code="c">Cambridge</subfield><subfield code="0">(RERO)A012449272</subfield></datafield><datafield ind1=" " ind2=" " tag="900"><subfield code="a">REROnoselfmerge</subfield></datafield><datafield ind1=" " ind2=" " tag="900"><subfield code="a">IDSBBnoselfmerge</subfield></datafield></record>
</metadata></record>