<record><header><identifier>oai:alma.41SLSP_UGE:991000784669705502</identifier><datestamp>2023-03-01T01:10:10Z</datestamp><setSpec>uge_bcen_RapidILL_BOOK</setSpec><setSpec>uge_aaca_RapidILL_BOOK</setSpec><setSpec>uge_abels_RapidILL_BOOK</setSpec><setSpec>uge_dbu_RapidILL_BOOK</setSpec><setSpec>uge_cmu_RapidILL_BOOK</setSpec><setSpec>uge_mail_RapidILL_BOOK</setSpec><setSpec>UNIGE_ALL</setSpec><setSpec>uge_abbat_RapidILL_BOOK</setSpec><setSpec>uge_aobs_RapidILL_BOOK</setSpec><setSpec>uge_acar_RapidILL_BOOK</setSpec></header><metadata>
<record xmlns="http://www.loc.gov/MARC21/slim" xmlns:xsi="http://www.w3.org/2001/XMLSchema-instance" xsi:schemaLocation="http://www.loc.gov/MARC21/slim http://www.loc.gov/standards/marcxml/schema/MARC21slim.xsd"><leader>00806nam a2200229 c 4500</leader><controlfield tag="001">991000784669705502</controlfield><controlfield tag="005">20201225182054.0</controlfield><controlfield tag="008">000829s1957    fr ||||| |||| 00| ||fre d</controlfield><datafield ind1="7" ind2=" " tag="024"><subfield code="a">http://catalogue.bnf.fr/ark:/12148/cb318754448</subfield><subfield code="2">uri</subfield></datafield><datafield ind1=" " ind2=" " tag="035"><subfield code="a">(swissbib)089384547-41slsp_network</subfield></datafield><datafield ind1=" " ind2=" " tag="035"><subfield code="a">089384547</subfield><subfield code="9">ExL</subfield></datafield><datafield ind1=" " ind2=" " tag="035"><subfield code="a">(RERO)1940974-41slsp</subfield></datafield><datafield ind1=" " ind2=" " tag="035"><subfield code="a">(EXLNZ-41SLSP_NETWORK)991057212289705501</subfield></datafield><datafield ind1=" " ind2=" " tag="040"><subfield code="a">RERO geulhg</subfield><subfield code="d">CH-ZuSLS</subfield></datafield><datafield ind1=" " ind2="7" tag="072"><subfield code="a">ht</subfield><subfield code="2">rero</subfield></datafield><datafield ind1="0" ind2="0" tag="245"><subfield code="a">&lt;&lt;La&gt;&gt; chanson française</subfield><subfield code="c">introd. et notes par Pierre Brochon.</subfield><subfield code="n">2</subfield><subfield code="p">Le pamphlet du pauvre : du socialisme utopique à la révolution de 1848 : [1834-1851]</subfield></datafield><datafield ind1=" " ind2="1" tag="264"><subfield code="a">Paris</subfield><subfield code="b">Ed. sociales</subfield><subfield code="c">1957</subfield></datafield><datafield ind1=" " ind2=" " tag="300"><subfield code="a">208 p.</subfield><subfield code="b">ill.</subfield><subfield code="c">17 cm</subfield></datafield><datafield ind1=" " ind2=" " tag="336"><subfield code="b">txt</subfield><subfield code="2">rdacontent</subfield></datafield><datafield ind1=" " ind2=" " tag="337"><subfield code="b">n</subfield><subfield code="2">rdamedia</subfield></datafield><datafield ind1=" " ind2=" " tag="338"><subfield code="b">nc</subfield><subfield code="2">rdacarrier</subfield></datafield><datafield ind1=" " ind2="0" tag="830"><subfield code="a">&lt;&lt;La&gt;&gt; chanson française</subfield><subfield code="v">2</subfield></datafield><datafield ind1=" " ind2=" " tag="900"><subfield code="a">REROnoselfmerge</subfield></datafield></record>
</metadata></record>