<record><header><identifier>oai:alma.41SLSP_UGE:991000784699705502</identifier><datestamp>2024-11-01T01:17:16Z</datestamp><setSpec>uge_bcen_RapidILL_BOOK</setSpec><setSpec>uge_aaca_RapidILL_BOOK</setSpec><setSpec>uge_abels_RapidILL_BOOK</setSpec><setSpec>uge_dbu_RapidILL_BOOK</setSpec><setSpec>uge_cmu_RapidILL_BOOK</setSpec><setSpec>uge_mail_RapidILL_BOOK</setSpec><setSpec>uge_abbat_RapidILL_BOOK</setSpec><setSpec>UNIGE_ALL</setSpec><setSpec>uge_aobs_RapidILL_BOOK</setSpec><setSpec>uge_acar_RapidILL_BOOK</setSpec></header><metadata>
<record xmlns="http://www.loc.gov/MARC21/slim" xmlns:xsi="http://www.w3.org/2001/XMLSchema-instance" xsi:schemaLocation="http://www.loc.gov/MARC21/slim http://www.loc.gov/standards/marcxml/schema/MARC21slim.xsd"><leader>02147nam a2200529 c 4500</leader><controlfield tag="001">991000784699705502</controlfield><controlfield tag="005">20230619195036.0</controlfield><controlfield tag="008">201012s2011    sp       |||| 000 | spa| </controlfield><datafield ind1=" " ind2=" " tag="010"><subfield code="a">2011445530</subfield></datafield><datafield ind1="7" ind2=" " tag="016"><subfield code="a">016088802</subfield><subfield code="2">Uk</subfield></datafield><datafield ind1=" " ind2=" " tag="020"><subfield code="a">9788437627502</subfield></datafield><datafield ind1=" " ind2=" " tag="020"><subfield code="a">8437627508</subfield></datafield><datafield ind1=" " ind2=" " tag="035"><subfield code="a">(swissbib)240893018-41slsp_network</subfield></datafield><datafield ind1=" " ind2=" " tag="035"><subfield code="a">240893018</subfield><subfield code="9">ExL</subfield></datafield><datafield ind1=" " ind2=" " tag="035"><subfield code="a">(IDSBB)006671936DSV01</subfield></datafield><datafield ind1=" " ind2=" " tag="035"><subfield code="a">(RERO)R006013509-41slsp</subfield></datafield><datafield ind1=" " ind2=" " tag="035"><subfield code="a">(OCoLC)712113558</subfield></datafield><datafield ind1=" " ind2=" " tag="035"><subfield code="a">(EXLNZ-41SLSP_NETWORK)991130361869705501</subfield></datafield><datafield ind1=" " ind2=" " tag="040"><subfield code="a">DLC</subfield><subfield code="b">ger</subfield><subfield code="e">rda</subfield><subfield code="d">CH-ZuSLS</subfield></datafield><datafield ind1=" " ind2=" " tag="042"><subfield code="a">pcc</subfield></datafield><datafield ind1=" " ind2=" " tag="043"><subfield code="a">e-po---</subfield><subfield code="a">e-sp---</subfield></datafield><datafield ind1=" " ind2=" " tag="045"><subfield code="a">w1w9</subfield><subfield code="a">x0x4</subfield></datafield><datafield ind1="0" ind2="0" tag="050"><subfield code="a">PQ6629.I3</subfield><subfield code="b">A6 2011</subfield></datafield><datafield ind1=" " ind2="7" tag="072"><subfield code="a">es</subfield><subfield code="2">rero</subfield></datafield><datafield ind1="1" ind2=" " tag="080"><subfield code="a">860&quot;18&quot;PIC3</subfield></datafield><datafield ind1="0" ind2="4" tag="082"><subfield code="a">863</subfield><subfield code="2">21</subfield></datafield><datafield ind1=" " ind2=" " tag="084"><subfield code="a">B</subfield><subfield code="2">sdnb</subfield></datafield><datafield ind1=" " ind2=" " tag="084"><subfield code="a">IO 9768</subfield><subfield code="2">rvk</subfield></datafield><datafield ind1="1" ind2=" " tag="100"><subfield code="6">880-03</subfield><subfield code="a">Picón y Bouchet, Jacinto Octavio</subfield><subfield code="d">1852-1923</subfield><subfield code="0">(DE-588)118792083</subfield><subfield code="4">aut</subfield></datafield><datafield ind1="1" ind2=" " tag="880"><subfield code="6">100-03/(B</subfield><subfield code="a">Picón y Bouchet, Jacinto Octavio</subfield><subfield code="d">1852-1923</subfield><subfield code="0">(IDREF)268442940</subfield><subfield code="4">aut</subfield></datafield><datafield ind1="1" ind2="0" tag="245"><subfield code="a">Después de la batalla y otros cuentos</subfield><subfield code="c">Jacinto Octavio Picón ; edición de Estebán Gutiérrez Díaz-Bernardo</subfield></datafield><datafield ind1=" " ind2=" " tag="250"><subfield code="a">Primera edición</subfield></datafield><datafield ind1=" " ind2="1" tag="264"><subfield code="a">Madrid</subfield><subfield code="b">Ediciones Cátedra</subfield><subfield code="c">2011</subfield></datafield><datafield ind1=" " ind2=" " tag="300"><subfield code="a">355 Seiten</subfield><subfield code="c">18 cm</subfield></datafield><datafield ind1=" " ind2=" " tag="336"><subfield code="b">txt</subfield><subfield code="2">rdacontent</subfield></datafield><datafield ind1=" " ind2=" " tag="337"><subfield code="b">n</subfield><subfield code="2">rdamedia</subfield></datafield><datafield ind1=" " ind2=" " tag="338"><subfield code="b">nc</subfield><subfield code="2">rdacarrier</subfield></datafield><datafield ind1="1" ind2=" " tag="490"><subfield code="a">Letras Hispánicas</subfield><subfield code="v">678</subfield></datafield><datafield ind1=" " ind2=" " tag="504"><subfield code="a">Includes bibliographical references (pages 95-111)</subfield></datafield><datafield ind1="1" ind2="0" tag="600"><subfield code="a">Picón, Jacinto Octavio</subfield><subfield code="d">1852-1923</subfield><subfield code="x">Criticism and interpretation</subfield></datafield><datafield ind1="1" ind2="7" tag="600"><subfield code="a">Picón, Jacinto Octavio</subfield><subfield code="d">1852-1923</subfield><subfield code="2">fast</subfield></datafield><datafield ind1="1" ind2=" " tag="700"><subfield code="a">Picón, Jacinto Octavio</subfield><subfield code="0">(RERO)A003692839</subfield><subfield code="4">cre</subfield></datafield><datafield ind1="1" ind2=" " tag="700"><subfield code="6">880-02</subfield><subfield code="a">Gutiérrez Díaz-Bernardo, Esteban</subfield><subfield code="d">1950-</subfield><subfield code="0">(DE-588)138479321</subfield><subfield code="4">edt</subfield></datafield><datafield ind1="1" ind2=" " tag="880"><subfield code="6">700-02</subfield><subfield code="a">Gutiérrez Díaz-Bernardo, Esteban</subfield><subfield code="d">1950-....</subfield><subfield code="0">(IDREF)071367306</subfield></datafield><datafield ind1=" " ind2="0" tag="830"><subfield code="a">Letras hispánicas</subfield><subfield code="v">678</subfield><subfield code="w">(IDSBB)000499279DSV01</subfield></datafield><datafield ind1=" " ind2="0" tag="830"><subfield code="a">Letras hispánicas</subfield><subfield code="p">Cátedra</subfield><subfield code="v">678</subfield><subfield code="w">(RERO)0139749-41slsp</subfield></datafield><datafield ind1=" " ind2=" " tag="900"><subfield code="a">Stoppsignal FRED</subfield></datafield><datafield ind1=" " ind2=" " tag="912"><subfield code="a">Introducción -- Jacinto Octavio Picón -- Los cuentos de Picón : estudio externo -- Los cuentos de Picón : de la historia al discurso -- Esta edición -- Bibliografía -- Después de la batalla y otros cuentos</subfield></datafield><datafield ind1=" " ind2=" " tag="993"><subfield code="a">BFLA 225099</subfield><subfield code="x">ge/ules/a/11/105</subfield><subfield code="9">LOCAL</subfield></datafield></record>
</metadata></record>